%% CHAPTER 1

@article{GERDA:2020xhi,
    author = "Agostini, M. and others",
    collaboration = "GERDA",
    title = "{Final Results of GERDA on the Search for Neutrinoless Double-$\beta$ Decay}",
    eprint = "2009.06079",
    archivePrefix = "arXiv",
    primaryClass = "nucl-ex",
    doi = "10.1103/PhysRevLett.125.252502",
    journal = "Phys. Rev. Lett.",
    volume = "125",
    number = "25",
    pages = "252502",
    year = "2020"
}

@article{Majorana:2022udl,
    author = "Arnquist, I. J. and others",
    collaboration = "Majorana",
    title = "{Final Result of the Majorana Demonstrator\textquoteright{}s Search for Neutrinoless Double-\ensuremath{\beta} Decay in Ge76}",
    eprint = "2207.07638",
    archivePrefix = "arXiv",
    primaryClass = "nucl-ex",
    doi = "10.1103/PhysRevLett.130.062501",
    journal = "Phys. Rev. Lett.",
    volume = "130",
    number = "6",
    pages = "062501",
    year = "2023"
}


@article{KamLAND-Zen:2022tow,
    author = "Abe, S. and others",
    collaboration = "KamLAND-Zen",
    title = "{Search for the Majorana Nature of Neutrinos in the Inverted Mass Ordering Region with KamLAND-Zen}",
    eprint = "2203.02139",
    archivePrefix = "arXiv",
    primaryClass = "hep-ex",
    doi = "10.1103/PhysRevLett.130.051801",
    journal = "Phys. Rev. Lett.",
    volume = "130",
    number = "5",
    pages = "051801",
    year = "2023"
}

@article{Dell_Oro_2016,
	doi = {10.1155/2016/2162659},
  
	url = {https://doi.org/10.1155%2F2016%2F2162659},
  
	year = 2016,
	publisher = {Hindawi Limited},
  
	volume = {2016},
  
	pages = {1--37},
  
	author = {Stefano Dell'Oro and Simone Marcocci and Matteo Viel and Francesco Vissani},
  
	title = {Neutrinoless Double Beta Decay: 2015 Review},
  
	journal = {Advances in High Energy Physics}
}

%%%%%%%%%%%%%%%%%%%%%%%%%%%%%%%%%%%%%%%%%%%%%%%%%%%%%%%%%%%

%% CHAPTER 2

@article{Super-Kamiokande:1998kpq,
    author = "Fukuda, Y. and others",
    collaboration = "Super-Kamiokande",
    title = "{Evidence for oscillation of atmospheric neutrinos}",
    eprint = "hep-ex/9807003",
    archivePrefix = "arXiv",
    reportNumber = "BU-98-17, ICRR-REPORT-422-98-18, UCI-98-8, KEK-PREPRINT-98-95, LSU-HEPA-5-98, UMD-98-003, SBHEP-98-5, TKU-PAP-98-06, TIT-HPE-98-09",
    doi = "10.1103/PhysRevLett.81.1562",
    journal = "Phys. Rev. Lett.",
    volume = "81",
    pages = "1562--1567",
    year = "1998"
}

@article{SNO:2001kpb,
    author = "Ahmad, Q. R. and others",
    collaboration = "SNO",
    title = "{Measurement of the rate of $\nu_e+d \to p+p+e^-$ interactions produced by $^8$B solar neutrinos at the Sudbury Neutrino Observatory}",
    eprint = "nucl-ex/0106015",
    archivePrefix = "arXiv",
    reportNumber = "UPR-0240E",
    doi = "10.1103/PhysRevLett.87.071301",
    journal = "Phys. Rev. Lett.",
    volume = "87",
    pages = "071301",
    year = "2001"
}

@article{SNO:2002tuh,
    author = "Ahmad, Q. R. and others",
    collaboration = "SNO",
    title = "{Direct evidence for neutrino flavor transformation from neutral current interactions in the Sudbury Neutrino Observatory}",
    eprint = "nucl-ex/0204008",
    archivePrefix = "arXiv",
    doi = "10.1103/PhysRevLett.89.011301",
    journal = "Phys. Rev. Lett.",
    volume = "89",
    pages = "011301",
    year = "2002"
}

@article{Esteban:2020cvm,
    author = "Esteban, Ivan and Gonzalez-Garcia, M. C. and Maltoni, Michele and Schwetz, Thomas and Zhou, Albert",
    title = "{The fate of hints: updated global analysis of three-flavor neutrino oscillations}",
    eprint = "2007.14792",
    archivePrefix = "arXiv",
    primaryClass = "hep-ph",
    reportNumber = "IFT-UAM/CSIC-112, YITP-SB-2020-21",
    doi = "10.1007/JHEP09(2020)178",
    journal = "JHEP",
    volume = "09",
    pages = "178",
    year = "2020"
}

@article{deSalas:2020pgw,
    author = "de Salas, P. F. and Forero, D. V. and Gariazzo, S. and Mart\'\i{}nez-Mirav\'e, P. and Mena, O. and Ternes, C. A. and T\'ortola, M. and Valle, J. W. F.",
    title = "{2020 global reassessment of the neutrino oscillation picture}",
    eprint = "2006.11237",
    archivePrefix = "arXiv",
    primaryClass = "hep-ph",
    doi = "10.1007/JHEP02(2021)071",
    journal = "JHEP",
    volume = "02",
    pages = "071",
    year = "2021"
}

@article{Capozzi:2021fjo,
    author = "Capozzi, Francesco and Di Valentino, Eleonora and Lisi, Eligio and Marrone, Antonio and Melchiorri, Alessandro and Palazzo, Antonio",
    title = "{Unfinished fabric of the three neutrino paradigm}",
    eprint = "2107.00532",
    archivePrefix = "arXiv",
    primaryClass = "hep-ph",
    doi = "10.1103/PhysRevD.104.083031",
    journal = "Phys. Rev. D",
    volume = "104",
    number = "8",
    pages = "083031",
    year = "2021"
}

@article{ParticleDataGroup:2022pth,
    author = "Workman, R. L. and others",
    collaboration = "Particle Data Group",
    title = "{Review of Particle Physics}",
    doi = "10.1093/ptep/ptac097",
    journal = "PTEP",
    volume = "2022",
    pages = "083C01",
    year = "2022"
}

@article{DeSalas:2018rby,
    author = "De Salas, P. F. and Gariazzo, S. and Mena, O. and Ternes, C. A. and T\'ortola, M.",
    title = "{Neutrino Mass Ordering from Oscillations and Beyond: 2018 Status and Future Prospects}",
    eprint = "1806.11051",
    archivePrefix = "arXiv",
    primaryClass = "hep-ph",
    doi = "10.3389/fspas.2018.00036",
    journal = "Front. Astron. Space Sci.",
    volume = "5",
    pages = "36",
    year = "2018"
}

@article{Lesgourgues:2006nd,
    author = "Lesgourgues, Julien and Pastor, Sergio",
    title = "{Massive neutrinos and cosmology}",
    eprint = "astro-ph/0603494",
    archivePrefix = "arXiv",
    reportNumber = "LAPTH-1131-05, IFIC-05-59",
    doi = "10.1016/j.physrep.2006.04.001",
    journal = "Phys. Rept.",
    volume = "429",
    pages = "307--379",
    year = "2006"
}

@article{Planck:2018vyg,
    author = "Aghanim, N. and others",
    collaboration = "Planck",
    title = "{Planck 2018 results. VI. Cosmological parameters}",
    eprint = "1807.06209",
    archivePrefix = "arXiv",
    primaryClass = "astro-ph.CO",
    doi = "10.1051/0004-6361/201833910",
    journal = "Astron. Astrophys.",
    volume = "641",
    pages = "A6",
    year = "2020",
    note = "[Erratum: Astron.Astrophys. 652, C4 (2021)]"
}

@article{eBOSS:2020yzd,
    author = "Alam, Shadab and others",
    collaboration = "eBOSS",
    title = "{Completed SDSS-IV extended Baryon Oscillation Spectroscopic Survey: Cosmological implications from two decades of spectroscopic surveys at the Apache Point Observatory}",
    eprint = "2007.08991",
    archivePrefix = "arXiv",
    primaryClass = "astro-ph.CO",
    doi = "10.1103/PhysRevD.103.083533",
    journal = "Phys. Rev. D",
    volume = "103",
    number = "8",
    pages = "083533",
    year = "2021"
}

@article{Otten:2008zz,
    author = "Otten, E. W. and Weinheimer, C.",
    title = "{Neutrino mass limit from tritium beta decay}",
    eprint = "0909.2104",
    archivePrefix = "arXiv",
    primaryClass = "hep-ex",
    doi = "10.1088/0034-4885/71/8/086201",
    journal = "Rept. Prog. Phys.",
    volume = "71",
    pages = "086201",
    year = "2008"
}

@article{KATRIN:2021uub,
    author = "Aker, M. and others",
    collaboration = "KATRIN",
    title = "{Direct neutrino-mass measurement with sub-electronvolt sensitivity}",
    eprint = "2105.08533",
    archivePrefix = "arXiv",
    primaryClass = "hep-ex",
    doi = "10.1038/s41567-021-01463-1",
    journal = "Nature Phys.",
    volume = "18",
    number = "2",
    pages = "160--166",
    year = "2022"
}


@article{Hernandez:2010mi,
    author = "Hernandez, P.",
    title = "{Neutrino physics}",
    booktitle = "{5th CERN - Latin American School of High-Energy Physics}",
    eprint = "1010.4131",
    archivePrefix = "arXiv",
    primaryClass = "hep-ph",
    month = "10",
    year = "2010"
}

@article{Giunti:2003qt,
    author = "Giunti, Carlo and Laveder, Marco",
    title = "{Neutrino mixing}",
    eprint = "hep-ph/0310238",
    archivePrefix = "arXiv",
    month = "10",
    year = "2003"
}

@article{Majorana:1937vz,
    author = "Majorana, Ettore",
    title = "{Teoria simmetrica dell\textquoteright{}elettrone e del positrone}",
    reportNumber = "RX-888",
    doi = "10.1007/BF02961314",
    journal = "Nuovo Cim.",
    volume = "14",
    pages = "171--184",
    year = "1937"
}

@article{Parke:2010sct,
    author = "Parke, Stephen J.",
    editor = "Tzanakos, George S.",
    title = "{Neutrino Physics Today, Important Issues and the Future}",
    reportNumber = "FERMILAB-CONF-10-550-T",
    doi = "10.1016/j.nuclphysbps.2012.09.003",
    journal = "Nucl. Phys. B Proc. Suppl.",
    volume = "229-232",
    pages = "14--20",
    year = "2012"
}

@article{Kayser:2002qs,
    author = "Kayser, Boris",
    title = "{Neutrino Mass, Mixing, and Flavor Change}",
    eprint = "hep-ph/0211134",
    archivePrefix = "arXiv",
    reportNumber = "FERMILAB-PUB-02-280-T",
    pages = "1--24",
    month = "11",
    year = "2002"
}

@article{Weinberg:1962zza,
    author = "Weinberg, Steven",
    title = "{Universal Neutrino Degeneracy}",
    doi = "10.1103/PhysRev.128.1457",
    journal = "Phys. Rev.",
    volume = "128",
    pages = "1457--1473",
    year = "1962"
}

@article{PTOLEMY:2019hkd,
    author = "Betti, M. G. and others",
    collaboration = "PTOLEMY",
    title = "{Neutrino physics with the PTOLEMY project: active neutrino properties and the light sterile case}",
    eprint = "1902.05508",
    archivePrefix = "arXiv",
    primaryClass = "astro-ph.CO",
    doi = "10.1088/1475-7516/2019/07/047",
    journal = "JCAP",
    volume = "07",
    pages = "047",
    year = "2019"
}

@article{Long:2014zva,
    author = "Long, Andrew J. and Lunardini, Cecilia and Sabancilar, Eray",
    title = "{Detecting non-relativistic cosmic neutrinos by capture on tritium: phenomenology and physics potential}",
    eprint = "1405.7654",
    archivePrefix = "arXiv",
    primaryClass = "hep-ph",
    doi = "10.1088/1475-7516/2014/08/038",
    journal = "JCAP",
    volume = "08",
    pages = "038",
    year = "2014"
}

@inproceedings{Chen:2007fv,
    author = "Chen, Mu-Chun",
    title = "{TASI 2006 Lectures on Leptogenesis}",
    booktitle = "{Theoretical Advanced Study Institute Elementary Particle Physics: Exploring New Frontiers Using Colliders and Neutrinos}",
    eprint = "hep-ph/0703087",
    archivePrefix = "arXiv",
    reportNumber = "FERMILAB-PUB-07-059-T, UCI-TR-2007-1",
    pages = "123--176",
    month = "3",
    year = "2007"
}

@article{Davidson:2008bu,
    author = "Davidson, Sacha and Nardi, Enrico and Nir, Yosef",
    title = "{Leptogenesis}",
    eprint = "0802.2962",
    archivePrefix = "arXiv",
    primaryClass = "hep-ph",
    doi = "10.1016/j.physrep.2008.06.002",
    journal = "Phys. Rept.",
    volume = "466",
    pages = "105--177",
    year = "2008"
}

@article{Sakharov:1967dj,
    author = "Sakharov, A. D.",
    title = "{Violation of CP Invariance, C asymmetry, and baryon asymmetry of the universe}",
    doi = "10.1070/PU1991v034n05ABEH002497",
    journal = "Pisma Zh. Eksp. Teor. Fiz.",
    volume = "5",
    pages = "32--35",
    year = "1967"
}

@article{Davidson:2002qv,
    author = "Davidson, Sacha and Ibarra, Alejandro",
    title = "{A Lower bound on the right-handed neutrino mass from leptogenesis}",
    eprint = "hep-ph/0202239",
    archivePrefix = "arXiv",
    reportNumber = "OUTP-02-10P, IPPP-02-16, DCPT-02-32",
    doi = "10.1016/S0370-2693(02)01735-5",
    journal = "Phys. Lett. B",
    volume = "535",
    pages = "25--32",
    year = "2002"
}

@article{Atre:2005eb,
    author = "Atre, Anupama and Barger, Vernon and Han, Tao",
    title = "{Upper bounds on lepton-number violating processes}",
    eprint = "hep-ph/0502163",
    archivePrefix = "arXiv",
    reportNumber = "MADPH-04-1393, FERMILAB-PUB-04-336-T, ANL-HEP-PR-05-7",
    doi = "10.1103/PhysRevD.71.113014",
    journal = "Phys. Rev. D",
    volume = "71",
    pages = "113014",
    year = "2005"
}

%%%%%%%%%%%%%%%%%%%%%%%%%%%%%%%%%%%%%%%%%%%%%%%%%%%%%%%%%%%

%% CHAPTER 3

@article{Goeppert-Mayer:1935uil,
    author = "Goeppert-Mayer, M.",
    title = "{Double beta-disintegration}",
    doi = "10.1103/PhysRev.48.512",
    journal = "Phys. Rev.",
    volume = "48",
    pages = "512--516",
    year = "1935"
}

@article{Inghram:1950qv,
    author = "Inghram, M. G. and Reynolds, J. H.",
    title = "{Double beta-decay of Te-130}",
    doi = "10.1103/PhysRev.78.822.2",
    journal = "Phys. Rev.",
    volume = "78",
    pages = "822--823",
    year = "1950"
}

@article{Elliott:1987kp,
    author = "Elliott, S. R. and Hahn, A. A. and Moe, M. K.",
    title = "{Direct Evidence for Two Neutrino Double Beta Decay in $^{82}$Se}",
    doi = "10.1103/PhysRevLett.59.2020",
    journal = "Phys. Rev. Lett.",
    volume = "59",
    pages = "2020--2023",
    year = "1987"
}

@article{Moe:2014ioa,
    author = "Moe, Michael",
    title = "{The First Direct Observation of Double-Beta Decay}",
    doi = "10.1146/annurev-nucl-102313-025411",
    journal = "Ann. Rev. Nucl. Part. Sci.",
    volume = "64",
    pages = "247--267",
    year = "2014"
}

@article{XENON:2019dti,
    author = "Aprile, E. and others",
    collaboration = "XENON",
    title = "{Observation of two-neutrino double electron capture in $^{124}$Xe with XENON1T}",
    eprint = "1904.11002",
    archivePrefix = "arXiv",
    primaryClass = "nucl-ex",
    doi = "10.1038/s41586-019-1124-4",
    journal = "Nature",
    volume = "568",
    number = "7753",
    pages = "532--535",
    year = "2019"
}

@article{Barabash:2020nck,
    author = "Barabash, Alexander",
    title = "{Precise Half-Life Values for Two-Neutrino Double-\ensuremath{\beta} Decay: 2020 Review}",
    eprint = "2009.14451",
    archivePrefix = "arXiv",
    primaryClass = "nucl-ex",
    doi = "10.3390/universe6100159",
    journal = "Universe",
    volume = "6",
    number = "10",
    pages = "159",
    year = "2020"
}

@article{EXO-200:2011xzf,
    author = "Ackerman, N. and others",
    collaboration = "EXO-200",
    title = "{Observation of Two-Neutrino Double-Beta Decay in $^{136}$Xe with EXO-200}",
    eprint = "1108.4193",
    archivePrefix = "arXiv",
    primaryClass = "nucl-ex",
    reportNumber = "SLAC-PUB-15002",
    doi = "10.1103/PhysRevLett.107.212501",
    journal = "Phys. Rev. Lett.",
    volume = "107",
    pages = "212501",
    year = "2011"
}

% bb2nu decays to ground state

% Ca-48
@article{Balysh:1996vr,
    author = "Balysh, A. and De Silva, Asoka S. and Lebedev, V. I. and Lou, K. and Moe, M. K. and Nelson, M. A. and Piepke, A. and Pronsky, A. and Vient, M. A. and Vogel, P.",
    title = "{Double beta decay of Ca-48}",
    eprint = "nucl-ex/9608001",
    archivePrefix = "arXiv",
    doi = "10.1103/PhysRevLett.77.5186",
    journal = "Phys. Rev. Lett.",
    volume = "77",
    pages = "5186--5189",
    year = "1996"
}

@article{Brudanin:2000in,
    author = "Brudanin, V. B. and others",
    title = "{Search for double beta decay of Ca-48 in the TGV experiment}",
    doi = "10.1016/S0370-2693(00)01244-2",
    journal = "Phys. Lett. B",
    volume = "495",
    pages = "63--68",
    year = "2000"
}

@article{NEMO-3:2016mvr,
    author = "Arnold, R. and others",
    collaboration = "NEMO-3",
    title = "{Measurement of the double-beta decay half-life and search for the neutrinoless double-beta decay of $^{48}$Ca with the NEMO-3 detector}",
    eprint = "1604.01710",
    archivePrefix = "arXiv",
    primaryClass = "hep-ex",
    doi = "10.1103/PhysRevD.93.112008",
    journal = "Phys. Rev. D",
    volume = "93",
    number = "11",
    pages = "112008",
    year = "2016"
}

% Ge-76
@article{Dorr:2003gf,
    author = "Dorr, C. and Klapdor-Kleingrothaus, H. V.",
    title = "{New Monte-Carlo simulation of the HEIDELBERG-MOSCOW double beta decay experiment}",
    doi = "10.1016/j.nima.2003.07.018",
    journal = "Nucl. Instrum. Meth. A",
    volume = "513",
    pages = "596--621",
    year = "2003"
}

@article{Agostini:2015nwa,
    author = "Agostini, M. and others",
    title = "{Results on $\beta \beta $ decay with emission of two neutrinos or Majorons in$^{76}$ Ge from GERDA Phase I}",
    eprint = "1501.02345",
    archivePrefix = "arXiv",
    primaryClass = "nucl-ex",
    doi = "10.1140/epjc/s10052-015-3627-y",
    journal = "Eur. Phys. J. C",
    volume = "75",
    number = "9",
    pages = "416",
    year = "2015"
}

% Se-82
@article{Arnold:2018tmo,
    author = "Arnold, R. and others",
    title = "{Final results on $^{82}{Se}$ double beta decay to the ground state of $^{82}{Kr}$ from the NEMO-3 experiment}",
    eprint = "1806.05553",
    archivePrefix = "arXiv",
    primaryClass = "hep-ex",
    doi = "10.1140/epjc/s10052-018-6295-x",
    journal = "Eur. Phys. J. C",
    volume = "78",
    number = "10",
    pages = "821",
    year = "2018"
}

@article{Azzolini:2019yib,
    author = "Azzolini, O. and others",
    title = "{Evidence of Single State Dominance in the Two-Neutrino Double-$\beta$ Decay of $^{82}$Se with CUPID-0}",
    eprint = "1909.03397",
    archivePrefix = "arXiv",
    primaryClass = "nucl-ex",
    doi = "10.1103/PhysRevLett.123.262501",
    journal = "Phys. Rev. Lett.",
    volume = "123",
    number = "26",
    pages = "262501",
    year = "2019"
}

@article{Elliott:1992cf,
    author = "Elliott, S. R. and Hahn, A. A. and Moe, M. K. and Nelson, M. A. and Vient, M. A.",
    title = "{Double beta decay of Se-82}",
    doi = "10.1103/PhysRevC.46.1535",
    journal = "Phys. Rev. C",
    volume = "46",
    pages = "1535--1537",
    year = "1992"
}

@article{NEMO:1997rel,
    author = "Arnold, R. and others",
    collaboration = "NEMO",
    title = "{Double beta decay of Se-82}",
    doi = "10.1016/S0375-9474(98)00208-5",
    journal = "Nucl. Phys. A",
    volume = "636",
    pages = "209--223",
    year = "1998"
}

% Zr-96
@article{Arnold:1999vg,
    author = "Arnold, R. and others",
    title = "{Double beta decay of Zr-96}",
    doi = "10.1016/S0375-9474(99)00374-7",
    journal = "Nucl. Phys. A",
    volume = "658",
    pages = "299--312",
    year = "1999"
}

@article{NEMO-3:2009fxe,
    author = "Argyriades, J. and others",
    collaboration = "NEMO-3",
    title = "{Measurement of the two neutrino double beta decay half-life of Zr-96 with the NEMO-3 detector}",
    eprint = "0906.2694",
    archivePrefix = "arXiv",
    primaryClass = "nucl-ex",
    doi = "10.1016/j.nuclphysa.2010.07.009",
    journal = "Nucl. Phys. A",
    volume = "847",
    pages = "168--179",
    year = "2010"
}

% Mo-100
@article{NEMO-3:2019gwo,
    author = "Arnold, R. and others",
    collaboration = "NEMO-3",
    title = "{Detailed studies of $^{100}$Mo two-neutrino double beta decay in NEMO-3}",
    eprint = "1903.08084",
    archivePrefix = "arXiv",
    primaryClass = "nucl-ex",
    doi = "10.1140/epjc/s10052-019-6948-4",
    journal = "Eur. Phys. J. C",
    volume = "79",
    number = "5",
    pages = "440",
    year = "2019"
}

@article{Armengaud:2019rll,
    author = "Armengaud, E. and others",
    title = "{Precise measurement of $2\nu \beta \beta $ decay of $^{100}$Mo with the CUPID-Mo detection technology}",
    eprint = "1912.07272",
    archivePrefix = "arXiv",
    primaryClass = "nucl-ex",
    doi = "10.1140/epjc/s10052-020-8203-4",
    journal = "Eur. Phys. J. C",
    volume = "80",
    number = "7",
    pages = "674",
    year = "2020"
}

@article{NEMO:1994sst,
    author = "Dassie, D. and others",
    collaboration = "NEMO",
    title = "{Two neutrino double beta decay measurement of Mo-100}",
    reportNumber = "LAL-94-46",
    doi = "10.1103/PhysRevD.51.2090",
    journal = "Phys. Rev. D",
    volume = "51",
    pages = "2090--2100",
    year = "1995"
}

@article{DeSilva:1997cp,
    author = "De Silva, Asoka S. and Moe, M. K. and Nelson, M. A. and Vient, M. A.",
    title = "{Double beta decays of Mo-100 and Nd-150}",
    eprint = "nucl-ex/9706005",
    archivePrefix = "arXiv",
    reportNumber = "UCI-NEUTRINO-97-10",
    doi = "10.1103/PhysRevC.56.2451",
    journal = "Phys. Rev. C",
    volume = "56",
    pages = "2451--2467",
    year = "1997"
}

@article{Cardani:2013mja,
    author = "Cardani, L. and others",
    title = "{First bolometric measurement of the two neutrino double beta decay of $^{100}$Mo with a ZnMoO$_4$ crystals array}",
    eprint = "1312.4680",
    archivePrefix = "arXiv",
    primaryClass = "nucl-ex",
    doi = "10.1088/0954-3899/41/7/075204",
    journal = "J. Phys. G",
    volume = "41",
    pages = "075204",
    year = "2014"
}

% Cd-116
@article{NEMO-3:2016zfx,
    author = "Arnold, R. and others",
    collaboration = "NEMO-3",
    title = "{Measurement of the $2\nu\beta\beta$ Decay Half-Life and Search for the $0\nu\beta\beta$ Decay of $^{116}$Cd with the NEMO-3 Detector}",
    eprint = "1610.03226",
    archivePrefix = "arXiv",
    primaryClass = "hep-ex",
    doi = "10.1103/PhysRevD.95.012007",
    journal = "Phys. Rev. D",
    volume = "95",
    number = "1",
    pages = "012007",
    year = "2017"
}

@article{Barabash:2018yjq,
    author = "Barabash, A. S. and others",
    title = "{Final results of the Aurora experiment to study $2\beta$ decay of $^{116}\mathrm{Cd}$ with enriched $^{116}\mathrm{Cd}{\mathrm{WO}}_{4}$ crystal scintillators}",
    eprint = "1811.06398",
    archivePrefix = "arXiv",
    primaryClass = "nucl-ex",
    doi = "10.1103/PhysRevD.98.092007",
    journal = "Phys. Rev. D",
    volume = "98",
    number = "9",
    pages = "092007",
    year = "2018"
}

@article{Ejiri:1995kd,
    author = "Ejiri, H. and others",
    title = "{Double beta decays of Cd-116}",
    doi = "10.1143/JPSJ.64.339",
    journal = "J. Phys. Soc. Jap.",
    volume = "64",
    pages = "339--343",
    year = "1995"
}

@article{Danevich:2003ef,
    author = "Danevich, Fedor A. and others",
    title = "{Search for 2 beta decay of cadmium and tungsten isotopes: Final results of the Solotvina experiment}",
    doi = "10.1103/PhysRevC.68.035501",
    journal = "Phys. Rev. C",
    volume = "68",
    pages = "035501",
    year = "2003"
}

@article{NEMO:1996gxj,
    author = "Arnold, R. and others",
    collaboration = "NEMO",
    title = "{Double-beta decay of Cd-116}",
    doi = "10.1007/s002880050241",
    journal = "Z. Phys. C",
    volume = "72",
    pages = "239--247",
    year = "1996"
}

% Te-130
@article{CUORE:2016ons,
    author = "Alduino, C. and others",
    collaboration = "CUORE",
    title = "{Measurement of the two-neutrino double-beta decay half-life of$^{130}$ Te with the CUORE-0 experiment}",
    eprint = "1609.01666",
    archivePrefix = "arXiv",
    primaryClass = "nucl-ex",
    doi = "10.1140/epjc/s10052-016-4498-6",
    journal = "Eur. Phys. J. C",
    volume = "77",
    number = "1",
    pages = "13",
    year = "2017"
}

@article{Nutini:2020vtd,
    author = "Nutini, Irene and others",
    title = "{The CUORE Detector and Results}",
    doi = "10.1007/s10909-020-02402-9",
    journal = "J. Low Temp. Phys.",
    volume = "199",
    number = "1-2",
    pages = "519--528",
    year = "2020"
}

@article{Arnaboldi:2002te,
    author = "Arnaboldi, C. and others",
    title = "{A Calorimetric search on double beta decay of Te-130}",
    eprint = "hep-ex/0211071",
    archivePrefix = "arXiv",
    doi = "10.1016/S0370-2693(03)00212-0",
    journal = "Phys. Lett. B",
    volume = "557",
    pages = "167--175",
    year = "2003"
}

@article{NEMO-3:2011wyg,
    author = "Arnold, Roger and others",
    collaboration = "NEMO-3",
    title = "{Measurement of the Double Beta Decay Half-life of $^{130}Te$ with the NEMO-3 Detector}",
    eprint = "1104.3716",
    archivePrefix = "arXiv",
    primaryClass = "nucl-ex",
    doi = "10.1103/PhysRevLett.107.062504",
    journal = "Phys. Rev. Lett.",
    volume = "107",
    pages = "062504",
    year = "2011"
}

% Xe-136

@article{NEXT:2023daz,
    author = "Adams, C. and others",
    collaboration = "NEXT",
    title = "{Demonstration of neutrinoless double beta decay searches in gaseous xenon with NEXT}",
    eprint = "2305.09435",
    archivePrefix = "arXiv",
    primaryClass = "nucl-ex",
    reportNumber = "FERMILAB-PUB-23-251-ND",
    month = "5",
    year = "2023"
}
@article{EXO-200:2019rkq,
    author = "Anton, G. and others",
    collaboration = "EXO-200",
    title = "{Search for Neutrinoless Double-$\beta$ Decay with the Complete EXO-200 Dataset}",
    eprint = "1906.02723",
    archivePrefix = "arXiv",
    primaryClass = "hep-ex",
    doi = "10.1103/PhysRevLett.123.161802",
    journal = "Phys. Rev. Lett.",
    volume = "123",
    number = "16",
    pages = "161802",
    year = "2019"
}

@article{EXO-200:2013xfn,
    author = "Albert, J. B. and others",
    collaboration = "EXO-200",
    title = "{Improved measurement of the $2\nu\beta\beta$ half-life of $^{136}$Xe with the EXO-200 detector}",
    eprint = "1306.6106",
    archivePrefix = "arXiv",
    primaryClass = "nucl-ex",
    doi = "10.1103/PhysRevC.89.015502",
    journal = "Phys. Rev. C",
    volume = "89",
    number = "1",
    pages = "015502",
    year = "2014"
}

@article{KamLAND-Zen:2016pfg,
    author = "Gando, A. and others",
    collaboration = "KamLAND-Zen",
    title = "{Search for Majorana Neutrinos near the Inverted Mass Hierarchy Region with KamLAND-Zen}",
    eprint = "1605.02889",
    archivePrefix = "arXiv",
    primaryClass = "hep-ex",
    doi = "10.1103/PhysRevLett.117.082503",
    journal = "Phys. Rev. Lett.",
    volume = "117",
    number = "8",
    pages = "082503",
    year = "2016",
    note = "[Addendum: Phys.Rev.Lett. 117, 109903 (2016)]"
}

% Nd.150
@article{NEMO-3:2016qxo,
    author = "Arnold, R. and others",
    collaboration = "NEMO-3",
    title = "{Measurement of the 2$\nu\beta\beta$ decay half-life of $^{150}$Nd and a search for 0$\nu\beta\beta$ decay processes with the full exposure from the NEMO-3 detector}",
    eprint = "1606.08494",
    archivePrefix = "arXiv",
    primaryClass = "hep-ex",
    doi = "10.1103/PhysRevD.94.072003",
    journal = "Phys. Rev. D",
    volume = "94",
    number = "7",
    pages = "072003",
    year = "2016"
}

@article{Furry:1939qr,
    author = "Furry, W. H.",
    title = "{On transition probabilities in double beta-disintegration}",
    doi = "10.1103/PhysRev.56.1184",
    journal = "Phys. Rev.",
    volume = "56",
    pages = "1184--1193",
    year = "1939"
}

@article{Vogel:2008sx,
    author = "Vogel, Petr",
    editor = "Ferroni, F. and Vissani, F. and Brofferio, C.",
    title = "{Nuclear physics aspects of double beta decay}",
    eprint = "0807.2457",
    archivePrefix = "arXiv",
    primaryClass = "hep-ph",
    doi = "10.3254/978-1-60750-038-4-49",
    journal = "Proc. Int. Sch. Phys. Fermi",
    volume = "170",
    pages = "49--103",
    year = "2009"
}

% bb2nu decays to 0+ excited states

% Mo-100 decays
@article{Barabash:1995fn,
    author = "Barabash, A. S. and others",
    title = "{Two neutrino double beta decay of Mo-100 to the first excited 0+ state in Ru-100}",
    doi = "10.1016/0370-2693(94)01657-X",
    journal = "Phys. Lett. B",
    volume = "345",
    pages = "408--413",
    year = "1995"
}

@article{Barabash:1999dp,
    author = "Barabash, A. S. and Umatov, V. I. and Gurriaran, R. and Hubert, F. and Hubert, P.",
    editor = "Abov, Yu. G.",
    title = "{2nu beta beta decay of Mo-100 to the first 0+ excited state in Ru-100}",
    journal = "Phys. Atom. Nucl.",
    volume = "62",
    pages = "2039--2043",
    year = "1999"
}

@article{Kidd:2009ai,
    author = "Kidd, M. F. and Esterline, J. H. and Tornow, W. and Barabash, A. S. and Umatov, V. I.",
    title = "{New Results for Double-Beta Decay of Mo-100 to Excited Final States of Ru-100 Using the TUNL-ITEP Apparatus}",
    eprint = "0902.4418",
    archivePrefix = "arXiv",
    primaryClass = "nucl-ex",
    doi = "10.1016/j.nuclphysa.2009.01.082",
    journal = "Nucl. Phys. A",
    volume = "821",
    pages = "251--261",
    year = "2009"
}

@article{NEMO:2006smm,
    author = "Arnold, R. and others",
    collaboration = "NEMO",
    title = "{Measurement of double beta decay of Mo-100 to excited states in the NEMO 3 experiment}",
    eprint = "hep-ex/0609058",
    archivePrefix = "arXiv",
    doi = "10.1016/j.nuclphysa.2006.09.021",
    journal = "Nucl. Phys. A",
    volume = "781",
    pages = "209--226",
    year = "2007"
}

@article{Belli:2010zzc,
    author = "Belli, P. and others",
    title = "{New observation of 2beta 2nu decay of Mo-100 to the 0+(1) level of Ru-100 in the ARMONIA experiment}",
    doi = "10.1016/j.nuclphysa.2010.06.010",
    journal = "Nucl. Phys. A",
    volume = "846",
    pages = "143--156",
    year = "2010"
}

@article{NEMO-3:2014pkc,
    author = "Arnold, R. and others",
    collaboration = "NEMO-3",
    title = "{Investigation of double beta decay of $^{100}$Mo to excited states of $^{100}$Ru}",
    eprint = "1402.7196",
    archivePrefix = "arXiv",
    primaryClass = "nucl-ex",
    doi = "10.1016/j.nuclphysa.2014.01.008",
    journal = "Nucl. Phys. A",
    volume = "925",
    pages = "25--36",
    year = "2014"
}

% Nd-150 decays
@article{Barabash:2009wy,
    author = "Barabash, A. S. and Hubert, Ph. and Nachab, A. and Umatov, V. I.",
    title = "{Investigation of beta beta decay in (150)Nd and (148)Nd to the excited states of daughter nuclei}",
    eprint = "0904.1924",
    archivePrefix = "arXiv",
    primaryClass = "nucl-ex",
    doi = "10.1103/PhysRevC.79.045501",
    journal = "Phys. Rev. C",
    volume = "79",
    pages = "045501",
    year = "2009"
}

@article{Kidd:2014hra,
    author = "Kidd, M. F. and Esterline, J. H. and Finch, S. W. and Tornow, W.",
    title = "{Two-neutrino double-$\beta$ decay of $^{150}$Nd to excited final states in $^{150}$Sm}",
    eprint = "1411.3755",
    archivePrefix = "arXiv",
    primaryClass = "nucl-ex",
    doi = "10.1103/PhysRevC.90.055501",
    journal = "Phys. Rev. C",
    volume = "90",
    number = "5",
    pages = "055501",
    year = "2014"
}

@article{Polischuk:2021bwl,
    author = "Polischuk, O. G. and others",
    title = "{Double beta decay of $^{150}$Nd to the first 0$^+$ excited level of $^{150}$Sm}",
    doi = "10.1088/1402-4896/ac00a5",
    journal = "Phys. Scripta",
    volume = "96",
    number = "8",
    pages = "085302",
    year = "2021"
}

@article{Eliseev:2011zza,
    author = "Eliseev, S. and others",
    title = "{Resonant Enhancement of Neutrinoless Double-Electron Capture in Gd-152}",
    doi = "10.1103/PhysRevLett.106.052504",
    journal = "Phys. Rev. Lett.",
    volume = "106",
    pages = "052504",
    year = "2011"
}

@article{Schechter:1981bd,
    author = "Schechter, J. and Valle, J. W. F.",
    title = "{Neutrinoless Double beta Decay in SU(2) x U(1) Theories}",
    reportNumber = "SU-4217-213, COO-3533-213",
    doi = "10.1103/PhysRevD.25.2951",
    journal = "Phys. Rev. D",
    volume = "25",
    pages = "2951",
    year = "1982"
}

@article{Duerr:2011zd,
    author = "Duerr, Michael and Lindner, Manfred and Merle, Alexander",
    title = "{On the Quantitative Impact of the Schechter-Valle Theorem}",
    eprint = "1105.0901",
    archivePrefix = "arXiv",
    primaryClass = "hep-ph",
    doi = "10.1007/JHEP06(2011)091",
    journal = "JHEP",
    volume = "06",
    pages = "091",
    year = "2011"
}

@article{Rodejohann:2011mu,
    author = "Rodejohann, Werner",
    title = "{Neutrino-less Double Beta Decay and Particle Physics}",
    eprint = "1106.1334",
    archivePrefix = "arXiv",
    primaryClass = "hep-ph",
    doi = "10.1142/S0218301311020186",
    journal = "Int. J. Mod. Phys. E",
    volume = "20",
    pages = "1833--1930",
    year = "2011"
}

@article{Vissani:1999tu,
    author = "Vissani, Francesco",
    title = "{Signal of neutrinoless double beta decay, neutrino spectrum and oscillation scenarios}",
    eprint = "hep-ph/9906525",
    archivePrefix = "arXiv",
    doi = "10.1088/1126-6708/1999/06/022",
    journal = "JHEP",
    volume = "06",
    pages = "022",
    year = "1999"
}

@article{Avignone:2007fu,
    author = "Avignone, III, Frank T. and Elliott, Steven R. and Engel, Jonathan",
    title = "{Double Beta Decay, Majorana Neutrinos, and Neutrino Mass}",
    eprint = "0708.1033",
    archivePrefix = "arXiv",
    primaryClass = "nucl-ex",
    reportNumber = "LA-UR-07-3577",
    doi = "10.1103/RevModPhys.80.481",
    journal = "Rev. Mod. Phys.",
    volume = "80",
    pages = "481--516",
    year = "2008"
}

@article{Mohapatra:1986pj,
    author = "Mohapatra, Rabindra N.",
    title = "{Limits on the Mass of the Right-handed Majorana Neutrino}",
    reportNumber = "MDDP-PP-86-181",
    doi = "10.1103/PhysRevD.34.909",
    journal = "Phys. Rev. D",
    volume = "34",
    pages = "909",
    year = "1986"
}

@article{Mohapatra:1986su,
    author = "Mohapatra, R. N.",
    title = "{New Contributions to Neutrinoless Double beta Decay in Supersymmetric Theories}",
    doi = "10.1103/PhysRevD.34.3457",
    journal = "Phys. Rev. D",
    volume = "34",
    pages = "3457--3461",
    year = "1986"
}

@article{Georgi:1981pg,
    author = "Georgi, Howard M. and Glashow, Sheldon Lee and Nussinov, Shmuel",
    title = "{Unconventional Model of Neutrino Masses}",
    reportNumber = "HUTP-81/A026",
    doi = "10.1016/0550-3213(81)90336-9",
    journal = "Nucl. Phys. B",
    volume = "193",
    pages = "297--316",
    year = "1981"
}

@article{SuperNEMO:2010wnd,
    author = "Arnold, R. and others",
    collaboration = "SuperNEMO",
    title = "{Probing New Physics Models of Neutrinoless Double Beta Decay with SuperNEMO}",
    eprint = "1005.1241",
    archivePrefix = "arXiv",
    primaryClass = "hep-ex",
    reportNumber = "MAN-HEP-2010-2",
    doi = "10.1140/epjc/s10052-010-1481-5",
    journal = "Eur. Phys. J. C",
    volume = "70",
    pages = "927--943",
    year = "2010"
}

% bb0nu best limits

% Ca-48
@article{Umehara:2008ru,
    author = "Umehara, S. and others",
    title = "{Neutrino-less double-beta decay of Ca-48 studied by Ca F(2)(Eu) scintillators}",
    eprint = "0810.4746",
    archivePrefix = "arXiv",
    primaryClass = "nucl-ex",
    doi = "10.1103/PhysRevC.78.058501",
    journal = "Phys. Rev. C",
    volume = "78",
    pages = "058501",
    year = "2008"
}

% Ge-76

% Se-82
@article{CUPID:2022puj,
    author = "Azzolini, O. and others",
    collaboration = "CUPID",
    title = "{Final Result on the Neutrinoless Double Beta Decay of $^{82}$Se with CUPID-0}",
    eprint = "2206.05130",
    archivePrefix = "arXiv",
    primaryClass = "hep-ex",
    doi = "10.1103/PhysRevLett.129.111801",
    journal = "Phys. Rev. Lett.",
    volume = "129",
    number = "11",
    pages = "111801",
    year = "2022"
}

% Zr-96

% Mo-100
@article{Augier:2022znx,
    author = "Augier, C. and others",
    title = "{Final results on the $0\nu \beta \beta $ decay half-life limit of $^{100}$Mo from the CUPID-Mo experiment}",
    eprint = "2202.08716",
    archivePrefix = "arXiv",
    primaryClass = "nucl-ex",
    doi = "10.1140/epjc/s10052-022-10942-5",
    journal = "Eur. Phys. J. C",
    volume = "82",
    number = "11",
    pages = "1033",
    year = "2022"
}

% Cd-116

% Te-128
@article{CUORE:2022piu,
    author = "Adams, D. Q. and others",
    collaboration = "CUORE",
    title = "{New Direct Limit on Neutrinoless Double Beta Decay Half-Life of Te128 with CUORE}",
    eprint = "2205.03132",
    archivePrefix = "arXiv",
    primaryClass = "nucl-ex",
    doi = "10.1103/PhysRevLett.129.222501",
    journal = "Phys. Rev. Lett.",
    volume = "129",
    number = "22",
    pages = "222501",
    year = "2022"
}

% Te-130
@article{CUORE:2021mvw,
    author = "Adams, D. Q. and others",
    collaboration = "CUORE",
    title = "{Search for Majorana neutrinos exploiting millikelvin cryogenics with CUORE}",
    eprint = "2104.06906",
    archivePrefix = "arXiv",
    primaryClass = "nucl-ex",
    doi = "10.1038/s41586-022-04497-4",
    journal = "Nature",
    volume = "604",
    number = "7904",
    pages = "53--58",
    year = "2022"
}

% Xe-136

% Nd-150


%%%%%%%%%%%%%%%%%%%%%%%%%%%%%%%%%%%%%%%%%%%%%%%%%%%%%%%%%%%

%% CHAPTER 4

@article{Simkovic:2009pp,
    author = "Simkovic, Fedor and Faessler, Amand and Muther, Herbert and Rodin, Vadim and Stauf, Markus",
    title = "{The 0 nu bb-decay nuclear matrix elements with self-consistent short-range correlations}",
    eprint = "0902.0331",
    archivePrefix = "arXiv",
    primaryClass = "nucl-th",
    doi = "10.1103/PhysRevC.79.055501",
    journal = "Phys. Rev. C",
    volume = "79",
    pages = "055501",
    year = "2009"
}

@article{Doi:1985dx,
    author = "Doi, M. and Kotani, T. and Takasugi, E.",
    title = "{Double beta Decay and Majorana Neutrino}",
    reportNumber = "OS-GE-85-03",
    doi = "10.1143/PTPS.83.1",
    journal = "Prog. Theor. Phys. Suppl.",
    volume = "83",
    pages = "1",
    year = "1985"
}

@article{Tomoda:1990rs,
    author = "Tomoda, T.",
    title = "{Double beta decay}",
    reportNumber = "PSI-PR-90-20",
    doi = "10.1088/0034-4885/54/1/002",
    journal = "Rept. Prog. Phys.",
    volume = "54",
    pages = "53--126",
    year = "1991"
}

@article{Engel:2016xgb,
    author = "Engel, Jonathan and Men\'endez, Javier",
    title = "{Status and Future of Nuclear Matrix Elements for Neutrinoless Double-Beta Decay: A Review}",
    eprint = "1610.06548",
    archivePrefix = "arXiv",
    primaryClass = "nucl-th",
    doi = "10.1088/1361-6633/aa5bc5",
    journal = "Rept. Prog. Phys.",
    volume = "80",
    number = "4",
    pages = "046301",
    year = "2017"
}

@article{Agostini:2022zub,
    author = "Agostini, Matteo and Benato, Giovanni and Detwiler, Jason A. and Men\'endez, Javier and Vissani, Francesco",
    title = "{Toward the discovery of matter creation with neutrinoless \ensuremath{\beta}\ensuremath{\beta} decay}",
    eprint = "2202.01787",
    archivePrefix = "arXiv",
    primaryClass = "hep-ex",
    doi = "10.1103/RevModPhys.95.025002",
    journal = "Rev. Mod. Phys.",
    volume = "95",
    number = "2",
    pages = "025002",
    year = "2023"
}

@article{Agostini:2021kba,
    author = "Agostini, Matteo and Benato, Giovanni and Detwiler, Jason A. and Men\'endez, Javier and Vissani, Francesco",
    title = "{Testing the inverted neutrino mass ordering with neutrinoless double-\ensuremath{\beta} decay}",
    eprint = "2107.09104",
    archivePrefix = "arXiv",
    primaryClass = "hep-ph",
    doi = "10.1103/PhysRevC.104.L042501",
    journal = "Phys. Rev. C",
    volume = "104",
    number = "4",
    pages = "L042501",
    year = "2021"
}

@article{Kotila:2012zza,
    author = "Kotila, J. and Iachello, F.",
    title = "{Phase space factors for double-$\beta$ decay}",
    eprint = "1209.5722",
    archivePrefix = "arXiv",
    primaryClass = "nucl-th",
    doi = "10.1103/PhysRevC.85.034316",
    journal = "Phys. Rev. C",
    volume = "85",
    pages = "034316",
    year = "2012"
}

@article{Stoica:2013lka,
    author = "Stoica, Sabin and Mirea, Mihail",
    title = "{New calculations for phase space factors involved in double-$\beta$ decay}",
    eprint = "1307.0290",
    archivePrefix = "arXiv",
    primaryClass = "nucl-th",
    doi = "10.1103/PhysRevC.88.037303",
    journal = "Phys. Rev. C",
    volume = "88",
    number = "3",
    pages = "037303",
    year = "2013"
}

@article{Towner:1987zz,
    author = "Towner, I. S.",
    title = "{Quenching of spin matrix elements in nuclei}",
    doi = "10.1016/0370-1573(87)90138-4",
    journal = "Phys. Rept.",
    volume = "155",
    pages = "263--377",
    year = "1987"
}

@article{Brown:1987obh,
    author = "Brown, B. A. and Wildenthal, B. H.",
    title = "{Empirically optimum M1 operator for sd-shell nuclei}",
    doi = "10.1016/0375-9474(87)90619-1",
    journal = "Nucl. Phys. A",
    volume = "474",
    pages = "290--306",
    year = "1987"
}

@article{Epelbaum:2008ga,
    author = "Epelbaum, Evgeny and Hammer, Hans-Werner and Meissner, Ulf-G.",
    title = "{Modern Theory of Nuclear Forces}",
    eprint = "0811.1338",
    archivePrefix = "arXiv",
    primaryClass = "nucl-th",
    reportNumber = "HISKP-TH-08-18, FZJ-IKP-TH-2008-20",
    doi = "10.1103/RevModPhys.81.1773",
    journal = "Rev. Mod. Phys.",
    volume = "81",
    pages = "1773--1825",
    year = "2009"
}

@article{Hammer:2012id,
    author = "Hammer, Hans-Werner and Nogga, Andreas and Schwenk, Achim",
    title = "{Three-body forces: From cold atoms to nuclei}",
    eprint = "1210.4273",
    archivePrefix = "arXiv",
    primaryClass = "nucl-th",
    doi = "10.1103/RevModPhys.85.197",
    journal = "Rev. Mod. Phys.",
    volume = "85",
    pages = "197",
    year = "2013"
}

@article{Machleidt:2011zz,
    author = "Machleidt, R. and Entem, D. R.",
    title = "{Chiral effective field theory and nuclear forces}",
    eprint = "1105.2919",
    archivePrefix = "arXiv",
    primaryClass = "nucl-th",
    doi = "10.1016/j.physrep.2011.02.001",
    journal = "Phys. Rept.",
    volume = "503",
    pages = "1--75",
    year = "2011"
}

@article{Park:2002yp,
    author = "Park, T. S. and Marcucci, L. E. and Schiavilla, R. and Viviani, M. and Kievsky, A. and Rosati, S. and Kubodera, K. and Min, D. P. and Rho, M.",
    title = "{Parameter free effective field theory calculation for the solar proton fusion and hep processes}",
    eprint = "nucl-th/0208055",
    archivePrefix = "arXiv",
    reportNumber = "KIAS-P02049, SACLAY-T02-102, JLAB-THY-02-36",
    doi = "10.1103/PhysRevC.67.055206",
    journal = "Phys. Rev. C",
    volume = "67",
    pages = "055206",
    year = "2003"
}

@article{Krebs:2016rqz,
    author = "Krebs, H. and Epelbaum, E. and Mei\ss{}ner, U. -G.",
    title = "{Nuclear axial current operators to fourth order in chiral effective field theory}",
    eprint = "1610.03569",
    archivePrefix = "arXiv",
    primaryClass = "nucl-th",
    doi = "10.1016/j.aop.2017.01.021",
    journal = "Annals Phys.",
    volume = "378",
    pages = "317--395",
    year = "2017"
}

@article{Baroni:2015uza,
    author = "Baroni, A. and Girlanda, L. and Pastore, S. and Schiavilla, R. and Viviani, M.",
    title = "{Nuclear Axial Currents in Chiral Effective Field Theory}",
    eprint = "1509.07039",
    archivePrefix = "arXiv",
    primaryClass = "nucl-th",
    reportNumber = "JLAB-THY-15-2139",
    doi = "10.1103/PhysRevC.93.049902",
    journal = "Phys. Rev. C",
    volume = "93",
    number = "1",
    pages = "015501",
    year = "2016",
    note = "[Erratum: Phys.Rev.C 93, 049902 (2016), Erratum: Phys.Rev.C 95, 059901 (2017)]"
}

@article{Menendez:2011qq,
    author = "Menendez, J. and Gazit, D. and Schwenk, A.",
    title = "{Chiral two-body currents in nuclei: Gamow-Teller transitions and neutrinoless double-beta decay}",
    eprint = "1103.3622",
    archivePrefix = "arXiv",
    primaryClass = "nucl-th",
    doi = "10.1103/PhysRevLett.107.062501",
    journal = "Phys. Rev. Lett.",
    volume = "107",
    pages = "062501",
    year = "2011"
}

@article{Hoferichter:2020osn,
    author = "Hoferichter, Martin and Men\'endez, Javier and Schwenk, Achim",
    title = "{Coherent elastic neutrino-nucleus scattering: EFT analysis and nuclear responses}",
    eprint = "2007.08529",
    archivePrefix = "arXiv",
    primaryClass = "hep-ph",
    reportNumber = "INT-PUB-20-026",
    doi = "10.1103/PhysRevD.102.074018",
    journal = "Phys. Rev. D",
    volume = "102",
    number = "7",
    pages = "074018",
    year = "2020"
}

@article{Cirigliano:2018hja,
    author = "Cirigliano, Vincenzo and Dekens, Wouter and De Vries, Jordy and Graesser, Michael L. and Mereghetti, Emanuele and Pastore, Saori and Van Kolck, Ubirajara",
    title = "{New Leading Contribution to Neutrinoless Double-\ensuremath{\beta} Decay}",
    eprint = "1802.10097",
    archivePrefix = "arXiv",
    primaryClass = "hep-ph",
    reportNumber = "LA-UR-18-21404, NIKHEF-2018-010",
    doi = "10.1103/PhysRevLett.120.202001",
    journal = "Phys. Rev. Lett.",
    volume = "120",
    number = "20",
    pages = "202001",
    year = "2018"
}

@article{Cirigliano:2019vdj,
    author = "Cirigliano, V. and Dekens, W. and De Vries, J. and Graesser, M. L. and Mereghetti, E. and Pastore, S. and Piarulli, M. and Van Kolck, U. and Wiringa, R. B.",
    title = "{Renormalized approach to neutrinoless double- $\beta$ decay}",
    eprint = "1907.11254",
    archivePrefix = "arXiv",
    primaryClass = "nucl-th",
    doi = "10.1103/PhysRevC.100.055504",
    journal = "Phys. Rev. C",
    volume = "100",
    number = "5",
    pages = "055504",
    year = "2019"
}

@article{Davoudi:2020gxs,
    author = "Davoudi, Zohreh and Kadam, Saurabh V.",
    title = "{Path from Lattice QCD to the Short-Distance Contribution to 0$\nu \beta \beta$ Decay with a Light Majorana Neutrino}",
    eprint = "2012.02083",
    archivePrefix = "arXiv",
    primaryClass = "hep-lat",
    reportNumber = "UMD-PP-020-10",
    doi = "10.1103/PhysRevLett.126.152003",
    journal = "Phys. Rev. Lett.",
    volume = "126",
    number = "15",
    pages = "152003",
    year = "2021"
}

@article{Davoudi:2021noh,
    author = "Davoudi, Zohreh and Kadam, Saurabh V.",
    title = "{Extraction of low-energy constants of single- and double-\ensuremath{\beta} decays from lattice QCD: A sensitivity analysis}",
    eprint = "2111.11599",
    archivePrefix = "arXiv",
    primaryClass = "hep-lat",
    reportNumber = "UMD-PP-021-07, INT-PUB-21-030",
    doi = "10.1103/PhysRevD.105.094502",
    journal = "Phys. Rev. D",
    volume = "105",
    number = "9",
    pages = "094502",
    year = "2022"
}


@article{Cirigliano:2020dmx,
    author = "Cirigliano, Vincenzo and Dekens, Wouter and de Vries, Jordy and Hoferichter, Martin and Mereghetti, Emanuele",
    title = "{Toward Complete Leading-Order Predictions for Neutrinoless Double $\beta$ Decay}",
    eprint = "2012.11602",
    archivePrefix = "arXiv",
    primaryClass = "nucl-th",
    reportNumber = "LA-UR-20-30355",
    doi = "10.1103/PhysRevLett.126.172002",
    journal = "Phys. Rev. Lett.",
    volume = "126",
    number = "17",
    pages = "172002",
    year = "2021"
}

@article{Cirigliano:2021qko,
    author = "Cirigliano, Vincenzo and Dekens, Wouter and de Vries, Jordy and Hoferichter, Martin and Mereghetti, Emanuele",
    title = "{Determining the leading-order contact term in neutrinoless double $\beta$ decay}",
    eprint = "2102.03371",
    archivePrefix = "arXiv",
    primaryClass = "nucl-th",
    reportNumber = "LA-UR-21-20994",
    doi = "10.1007/JHEP05(2021)289",
    journal = "JHEP",
    volume = "05",
    pages = "289",
    year = "2021"
}

@article{Richardson:2021xiu,
    author = "Richardson, Thomas R. and Schindler, Matthias R. and Pastore, Saori and Springer, Roxanne P.",
    title = "{Large-$N_c$ analysis of two-nucleon neutrinoless double-$\beta$ decay and charge-independence-breaking contact terms}",
    eprint = "2102.02184",
    archivePrefix = "arXiv",
    primaryClass = "nucl-th",
    doi = "10.1103/PhysRevC.103.055501",
    journal = "Phys. Rev. C",
    volume = "103",
    number = "5",
    pages = "055501",
    year = "2021"
}

@article{Jokiniemi:2021qqv,
    author = "Jokiniemi, Lotta and Soriano, Pablo and Men\'endez, Javier",
    title = "{Impact of the leading-order short-range nuclear matrix element on the neutrinoless double-beta decay of medium-mass and heavy nuclei}",
    eprint = "2107.13354",
    archivePrefix = "arXiv",
    primaryClass = "nucl-th",
    doi = "10.1016/j.physletb.2021.136720",
    journal = "Phys. Lett. B",
    volume = "823",
    pages = "136720",
    year = "2021"
}

@article{Novario:2020dmr,
    author = "Novario, S. and Gysbers, P. and Engel, J. and Hagen, G. and Jansen, G. R. and Morris, T. D. and Navr\'atil, P. and Papenbrock, T. and Quaglioni, S.",
    title = "{Coupled-Cluster Calculations of Neutrinoless Double-$\beta$ Decay in $^{48}$Ca}",
    eprint = "2008.09696",
    archivePrefix = "arXiv",
    primaryClass = "nucl-th",
    doi = "10.1103/PhysRevLett.126.182502",
    journal = "Phys. Rev. Lett.",
    volume = "126",
    number = "18",
    pages = "182502",
    year = "2021"
}

@article{Belley:2020ejd,
    author = "Belley, A. and Payne, C. G. and Stroberg, S. R. and Miyagi, T. and Holt, J. D.",
    title = "{$Ab Initio$ Neutrinoless Double-Beta Decay Matrix Elements for $^{48}$Ca , $^{76}$Ge , and $^{82}$Se}",
    eprint = "2008.06588",
    archivePrefix = "arXiv",
    primaryClass = "nucl-th",
    doi = "10.1103/PhysRevLett.126.042502",
    journal = "Phys. Rev. Lett.",
    volume = "126",
    number = "4",
    pages = "042502",
    year = "2021"
}

@article{Freeman:2012hr,
    author = "Freeman, S. J. and Schiffer, J. P.",
    title = "{Constraining the 0{\textbackslash{}nu}2{\textbackslash{}beta} matrix elements by nuclear structure observables}",
    eprint = "1207.4290",
    archivePrefix = "arXiv",
    primaryClass = "nucl-ex",
    doi = "10.1088/0954-3899/39/12/124004",
    journal = "J. Phys. G",
    volume = "39",
    pages = "124004",
    year = "2012"
}

@article{Freeman:2017bak,
    author = "Freeman, S. J. and others",
    title = "{Experimental study of the rearrangements of valence protons and neutrons amongst single-particle orbits during double-$\beta$ decay in $^{100}$Mo}",
    eprint = "1710.10817",
    archivePrefix = "arXiv",
    primaryClass = "nucl-ex",
    doi = "10.1103/PhysRevC.96.054325",
    journal = "Phys. Rev. C",
    volume = "96",
    number = "5",
    pages = "054325",
    year = "2017"
}

@article{Szwec:2016fxr,
    author = "Szwec, S. V. and others",
    title = "{Rearrangement of valence neutrons in the neutrinoless double-$\beta$ decay of $^{136}$Xe}",
    eprint = "1611.05107",
    archivePrefix = "arXiv",
    primaryClass = "nucl-ex",
    doi = "10.1103/PhysRevC.94.054314",
    journal = "Phys. Rev. C",
    volume = "94",
    number = "5",
    pages = "054314",
    year = "2016"
}

@article{Frekers:2018edj,
    author = "Frekers, D. and Alanssari, M.",
    title = "{Charge-exchange reactions and the quest for resolution}",
    doi = "10.1140/epja/i2018-12612-5",
    journal = "Eur. Phys. J. A",
    volume = "54",
    number = "10",
    pages = "177",
    year = "2018"
}

@article{Rebeiro:2023kvs,
    author = "Rebeiro, B. M. and others",
    title = "{Ba138(d,\ensuremath{\alpha}) Study of States in Cs136: Implications for New Physics Searches with Xenon Detectors}",
    eprint = "2301.11371",
    archivePrefix = "arXiv",
    primaryClass = "nucl-ex",
    doi = "10.1103/PhysRevLett.131.052501",
    journal = "Phys. Rev. Lett.",
    volume = "131",
    number = "5",
    pages = "052501",
    year = "2023"
}

@article{Menendez:2009xa,
    author = "Menendez, J. and Poves, A. and Caurier, E. and Nowacki, F.",
    title = "{The Occupancies of individual orbits and the nuclear matrix element of the Ge-76 neutrinoless beta beta decay}",
    eprint = "0906.0179",
    archivePrefix = "arXiv",
    primaryClass = "nucl-th",
    doi = "10.1103/PhysRevC.80.048501",
    journal = "Phys. Rev. C",
    volume = "80",
    pages = "048501",
    year = "2009"
}

@article{Neacsu:2014bia,
    author = "Neacsu, Andrei and Horoi, Mihai",
    title = "{Shell model studies of the $^{130}Te$ neutrinoless double-beta decay}",
    eprint = "1411.4313",
    archivePrefix = "arXiv",
    primaryClass = "nucl-th",
    doi = "10.1103/PhysRevC.91.024309",
    journal = "Phys. Rev. C",
    volume = "91",
    pages = "024309",
    year = "2015"
}

@article{Horoi:2015tkc,
    author = "Horoi, Mihai and Neacsu, Andrei",
    title = "{Shell model predictions for $^{124}$Sn double-$\beta$ decay}",
    eprint = "1511.03711",
    archivePrefix = "arXiv",
    primaryClass = "nucl-th",
    doi = "10.1103/PhysRevC.93.024308",
    journal = "Phys. Rev. C",
    volume = "93",
    number = "2",
    pages = "024308",
    year = "2016"
}

@article{Coraggio:2020hwx,
    author = "Coraggio, L. and Gargano, A. and Itaco, N. and Mancino, R. and Nowacki, F.",
    title = "{Calculation of the neutrinoless double-$\beta$ decay matrix element within the realistic shell model}",
    eprint = "2001.00890",
    archivePrefix = "arXiv",
    primaryClass = "nucl-th",
    doi = "10.1103/PhysRevC.101.044315",
    journal = "Phys. Rev. C",
    volume = "101",
    number = "4",
    pages = "044315",
    year = "2020"
}

@article{Coraggio:2022vgy,
    author = "Coraggio, L. and Itaco, N. and De Gregorio, G. and Gargano, A. and Mancino, R. and Nowacki, F.",
    title = "{Shell-model calculation of $^{100}$Mo double-$\beta$ decay}",
    eprint = "2203.01013",
    archivePrefix = "arXiv",
    primaryClass = "nucl-th",
    doi = "10.1103/PhysRevC.105.034312",
    journal = "Phys. Rev. C",
    volume = "105",
    number = "3",
    pages = "034312",
    year = "2022"
}

@article{Iwata:2016cxn,
    author = "Iwata, Y. and Shimizu, N. and Otsuka, T. and Utsuno, Y. and Men\'endez, J. and Honma, M. and Abe, T.",
    title = "{Large-scale shell-model analysis of the neutrinoless $\beta\beta$ decay of $^{48}$Ca}",
    eprint = "1602.07822",
    archivePrefix = "arXiv",
    primaryClass = "nucl-th",
    doi = "10.1103/PhysRevLett.117.179902",
    journal = "Phys. Rev. Lett.",
    volume = "116",
    number = "11",
    pages = "112502",
    year = "2016",
    note = "[Erratum: Phys.Rev.Lett. 117, 179902 (2016)]"
}

@article{Tsunoda:2023fqw,
    author = "Tsunoda, Yusuke and Shimizu, Noritaka and Otsuka, Takaharu",
    title = "{Shape transition of Nd and Sm isotopes and neutrinoless double-beta decay nuclear matrix element of $^{150}$Nd}",
    eprint = "2304.11780",
    archivePrefix = "arXiv",
    primaryClass = "nucl-th",
    month = "4",
    year = "2023"
}

@article{Rodriguez:2010mn,
    author = "Rodriguez, Tomas R. and Martinez-Pinedo, G.",
    title = "{Energy density functional study of nuclear matrix elements for neutrinoless $\beta\beta$ decay}",
    eprint = "1008.5260",
    archivePrefix = "arXiv",
    primaryClass = "nucl-th",
    doi = "10.1103/PhysRevLett.105.252503",
    journal = "Phys. Rev. Lett.",
    volume = "105",
    pages = "252503",
    year = "2010"
}

@article{Yao:2021wst,
    author = "Yao, J. M. and Meng, J. and Niu, Y. F. and Ring, P.",
    title = "{Beyond-mean-field approaches for nuclear neutrinoless double beta decay in the standard mechanism}",
    eprint = "2111.15543",
    archivePrefix = "arXiv",
    primaryClass = "nucl-th",
    doi = "10.1016/j.ppnp.2022.103965",
    journal = "Prog. Part. Nucl. Phys.",
    volume = "126",
    pages = "103965",
    year = "2022"
}

@article{Kotila:2016pib,
    author = "Kotila, J. and Barea, J.",
    title = "{Occupation probabilities of single particle levels using the microscopic interacting boson model: Application to some nuclei of interest in neutrinoless double-$\beta$ decay}",
    doi = "10.1103/PhysRevC.94.034320",
    journal = "Phys. Rev. C",
    volume = "94",
    number = "3",
    pages = "034320",
    year = "2016"
}

@article{Gimeno:2023dxx,
    author = "Gimeno, Patricia and Jokiniemi, Lotta and Kotila, Jenni and Ramalho, Marlom and Suhonen, Jouni",
    title = "{Ordinary Muon Capture on $^{136}$Ba: Comparative Study Using the Shell Model and pnQRPA}",
    doi = "10.3390/universe9060270",
    journal = "Universe",
    volume = "9",
    number = "6",
    pages = "270",
    year = "2023"
}

@article{Chou:1993zz,
    author = "Chou, W. -T. and Warburton, E. K. and Brown, B. Alex",
    title = "{Gamow-Teller beta-decay rates for A \ensuremath{<}= 18 nuclei}",
    doi = "10.1103/PhysRevC.47.163",
    journal = "Phys. Rev. C",
    volume = "47",
    pages = "163--177",
    year = "1993"
}


@article{Wildenthal:1983zz,
    author = "Wildenthal, B. H. and Curtin, M. S. and Brown, B. Alex",
    title = "{Predicted features of the beta decay of neutron-rich sd-shell nuclei}",
    doi = "10.1103/PhysRevC.28.1343",
    journal = "Phys. Rev. C",
    volume = "28",
    pages = "1343--1366",
    year = "1983"
}

@article{Martinez-Pinedo:1996zvt,
    author = "Mart\'\i{}nez-Pinedo, G. and Poves, A. and Caurier, E. and Zuker, A. P.",
    title = "{Effective $g_A$ in the pf shell}",
    eprint = "nucl-th/9603039",
    archivePrefix = "arXiv",
    doi = "10.1103/PhysRevC.53.R2602",
    journal = "Phys. Rev. C",
    volume = "53",
    number = "6",
    pages = "R2602",
    year = "1996"
}

@article{Caurier:1990dc,
    author = "Caurier, E. and Zuker, A. P. and Poves, A.",
    title = "{A Full 0 h-bar omega description of the 2 neutrino beta beta decay of Ca-48}",
    doi = "10.1016/0370-2693(90)91071-I",
    journal = "Phys. Lett. B",
    volume = "252",
    pages = "13--17",
    year = "1990"
}

@article{Poves:1995rg,
    author = "Poves, A. and Bahukutumbi, R. P. and Langanke, K. and Vogel, P.",
    title = "{Double beta decay of Ca-48 revisited}",
    doi = "10.1016/0370-2693(95)01134-C",
    journal = "Phys. Lett. B",
    volume = "361",
    pages = "1--4",
    year = "1995"
}

@article{CoelloPerez:2018ghg,
    author = "Coello P\'erez, E. A. and Men\'endez, J. and Schwenk, A.",
    title = "{Two-neutrino double electron capture on $^{124}$Xe based on an effective theory and the nuclear shell model}",
    eprint = "1809.04443",
    archivePrefix = "arXiv",
    primaryClass = "nucl-th",
    doi = "10.1016/j.physletb.2019.134885",
    journal = "Phys. Lett. B",
    volume = "797",
    pages = "134885",
    year = "2019"
}

@article{Barea:2015kwa,
    author = "Barea, J. and Kotila, J. and Iachello, F.",
    title = "{$0\nu\beta\beta$ and $2\nu\beta\beta$ nuclear matrix elements in the interacting boson model with isospin restoration}",
    eprint = "1506.08530",
    archivePrefix = "arXiv",
    primaryClass = "nucl-th",
    doi = "10.1103/PhysRevC.91.034304",
    journal = "Phys. Rev. C",
    volume = "91",
    number = "3",
    pages = "034304",
    year = "2015"
}

@article{Pirinen:2015sma,
    author = "Pirinen, Pekka and Suhonen, Jouni",
    title = "{Systematic approach to $\beta$ and 2$\nu\beta\beta$ decays of mass $A=$100\textendash{}136 nuclei}",
    doi = "10.1103/PhysRevC.91.054309",
    journal = "Phys. Rev. C",
    volume = "91",
    number = "5",
    pages = "054309",
    year = "2015"
}

@article{Faessler:2007hu,
    author = "Faessler, Amand and Fogli, G. L. and Lisi, E. and Rodin, V. and Rotunno, A. M. and Simkovic, F.",
    title = "{Overconstrained estimates of neutrinoless double beta decay within the QRPA}",
    eprint = "0711.3996",
    archivePrefix = "arXiv",
    primaryClass = "nucl-th",
    doi = "10.1088/0954-3899/35/7/075104",
    journal = "J. Phys. G",
    volume = "35",
    pages = "075104",
    year = "2008"
}

@article{Carlson:2014vla,
    author = "Carlson, J. and Gandolfi, S. and Pederiva, F. and Pieper, Steven C. and Schiavilla, R. and Schmidt, K. E. and Wiringa, R. B.",
    title = "{Quantum Monte Carlo methods for nuclear physics}",
    eprint = "1412.3081",
    archivePrefix = "arXiv",
    primaryClass = "nucl-th",
    reportNumber = "LA-UR-14-29251, JLAB-THY-14-1989",
    doi = "10.1103/RevModPhys.87.1067",
    journal = "Rev. Mod. Phys.",
    volume = "87",
    pages = "1067",
    year = "2015"
}

@article{Navratil:2016ycn,
    author = "Navr\'atil, Petr and Quaglioni, Sofia and Hupin, Guillaume and Romero-Redondo, Carolina and Calci, Angelo",
    title = "{Unified ab initio approaches to nuclear structure and reactions}",
    eprint = "1601.03765",
    archivePrefix = "arXiv",
    primaryClass = "nucl-th",
    reportNumber = "LLNL-JRNL-680282",
    doi = "10.1088/0031-8949/91/5/053002",
    journal = "Phys. Scripta",
    volume = "91",
    number = "5",
    pages = "053002",
    year = "2016"
}

@article{Gysbers:2019uyb,
    author = "Gysbers, P. and others",
    title = "{Discrepancy between experimental and theoretical $\beta$-decay rates resolved from first principles}",
    eprint = "1903.00047",
    archivePrefix = "arXiv",
    primaryClass = "nucl-th",
    doi = "10.1038/s41567-019-0450-7",
    journal = "Nature Phys.",
    volume = "15",
    number = "5",
    pages = "428--431",
    year = "2019"
}

@article{Pastore:2017uwc,
    author = "Pastore, S. and Baroni, A. and Carlson, J. and Gandolfi, S. and Pieper, Steven C. and Schiavilla, R. and Wiringa, R. B.",
    title = "{Quantum Monte Carlo calculations of weak transitions in $A=6–10$ nuclei}",
    eprint = "1709.03592",
    archivePrefix = "arXiv",
    primaryClass = "nucl-th",
    doi = "10.1103/PhysRevC.97.022501",
    journal = "Phys. Rev. C",
    volume = "97",
    number = "2",
    pages = "022501",
    year = "2018"
}

@article{Basili:2019gvn,
    author = "Basili, R. A. M. and Yao, J. M. and Engel, J. and Hergert, H. and Lockner, M. and Maris, P. and Vary, J. P.",
    title = "{Benchmark neutrinoless double-$\beta$ decay matrix elements in a light nucleus}",
    eprint = "1909.06501",
    archivePrefix = "arXiv",
    primaryClass = "nucl-th",
    doi = "10.1103/PhysRevC.102.014302",
    journal = "Phys. Rev. C",
    volume = "102",
    number = "1",
    pages = "014302",
    year = "2020"
}

@article{Yao:2020olm,
    author = "Yao, J. M. and Belley, A. and Wirth, R. and Miyagi, T. and Payne, C. G. and Stroberg, S. R. and Hergert, H. and Holt, J. D.",
    title = "{$Ab initio$ benchmarks of neutrinoless double-$\beta$ decay in light nuclei with a chiral Hamiltonian}",
    eprint = "2010.08609",
    archivePrefix = "arXiv",
    primaryClass = "nucl-th",
    doi = "10.1103/PhysRevC.103.014315",
    journal = "Phys. Rev. C",
    volume = "103",
    number = "1",
    pages = "014315",
    year = "2021"
}

@article{King:2020wmp,
    author = "King, G. B. and Andreoli, L. and Pastore, S. and Piarulli, M. and Schiavilla, R. and Wiringa, R. B. and Carlson, J. and Gandolfi, S.",
    title = "{Chiral Effective Field Theory Calculations of Weak Transitions in Light Nuclei}",
    eprint = "2004.05263",
    archivePrefix = "arXiv",
    primaryClass = "nucl-th",
    doi = "10.1103/PhysRevC.102.025501",
    journal = "Phys. Rev. C",
    volume = "102",
    number = "2",
    pages = "025501",
    year = "2020"
}

@article{Pastore:2017ofx,
    author = "Pastore, S. and Carlson, J. and Cirigliano, V. and Dekens, W. and Mereghetti, E. and Wiringa, R. B.",
    title = "{Neutrinoless double-$\beta$ decay matrix elements in light nuclei}",
    eprint = "1710.05026",
    archivePrefix = "arXiv",
    primaryClass = "nucl-th",
    reportNumber = "LA-UR-17-29297",
    doi = "10.1103/PhysRevC.97.014606",
    journal = "Phys. Rev. C",
    volume = "97",
    number = "1",
    pages = "014606",
    year = "2018"
}

@article{Hergert:2015awm,
    author = "Hergert, H. and Bogner, S. K. and Morris, T. D. and Schwenk, A. and Tsukiyama, K.",
    title = "{The In-Medium Similarity Renormalization Group: A Novel Ab Initio Method for Nuclei}",
    eprint = "1512.06956",
    archivePrefix = "arXiv",
    primaryClass = "nucl-th",
    doi = "10.1016/j.physrep.2015.12.007",
    journal = "Phys. Rept.",
    volume = "621",
    pages = "165--222",
    year = "2016"
}

@article{Hergert:2020bxy,
    author = "Hergert, H.",
    title = "{A Guided Tour of $ab$ $initio$ Nuclear Many-Body Theory}",
    eprint = "2008.05061",
    archivePrefix = "arXiv",
    primaryClass = "nucl-th",
    reportNumber = "INT-PUB-20-032",
    doi = "10.3389/fphy.2020.00379",
    journal = "Front. in Phys.",
    volume = "8",
    pages = "379",
    year = "2020"
}

@article{Ekstrom:2022yea,
    author = {Ekstr\"om, A. and Forss\'en, C. and Hagen, G. and Jansen, G. R. and Jiang, W. and Papenbrock, T.},
    title = "{What is ab initio in nuclear theory?}",
    eprint = "2212.11064",
    archivePrefix = "arXiv",
    primaryClass = "nucl-th",
    doi = "10.3389/fphy.2023.1129094",
    journal = "Front. Phys.",
    volume = "11",
    pages = "1129094",
    year = "2023"
}

@article{Hagen:2013nca,
    author = "Hagen, G. and Papenbrock, T. and Hjorth-Jensen, M. and Dean, D. J.",
    title = "{Coupled-cluster computations of atomic nuclei}",
    eprint = "1312.7872",
    archivePrefix = "arXiv",
    primaryClass = "nucl-th",
    doi = "10.1088/0034-4885/77/9/096302",
    journal = "Rept. Prog. Phys.",
    volume = "77",
    number = "9",
    pages = "096302",
    year = "2014"
}

@article{Stroberg:2019mxo,
    author = "Stroberg, S. Ragnar and Bogner, Scott K. and Hergert, Heiko and Holt, Jason D.",
    title = "{Nonempirical Interactions for the Nuclear Shell Model: An Update}",
    eprint = "1902.06154",
    archivePrefix = "arXiv",
    primaryClass = "nucl-th",
    doi = "10.1146/annurev-nucl-101917-021120",
    journal = "Ann. Rev. Nucl. Part. Sci.",
    volume = "69",
    pages = "307--362",
    year = "2019"
}

@article{Novario:2020kuf,
    author = "Novario, S. J. and Hagen, G. and Jansen, G. R. and Papenbrock, T.",
    title = "{Charge radii of exotic neon and magnesium isotopes}",
    eprint = "2007.06684",
    archivePrefix = "arXiv",
    primaryClass = "nucl-th",
    doi = "10.1103/PhysRevC.102.051303",
    journal = "Phys. Rev. C",
    volume = "102",
    number = "5",
    pages = "051303",
    year = "2020"
}

@article{Hagen:2022tqp,
    author = "Hagen, G. and Novario, S. J. and Sun, Z. H. and Papenbrock, T. and Jansen, G. R. and Lietz, J. G. and Duguet, T. and Tichai, A.",
    title = "{Angular-momentum projection in coupled-cluster theory: Structure of Mg34}",
    eprint = "2201.07298",
    archivePrefix = "arXiv",
    primaryClass = "nucl-th",
    doi = "10.1103/PhysRevC.105.064311",
    journal = "Phys. Rev. C",
    volume = "105",
    number = "6",
    pages = "064311",
    year = "2022"
}

@article{Caurier:2004gf,
    author = "Caurier, E. and Martinez-Pinedo, G. and Nowacki, F. and Poves, A. and Zuker, A. P.",
    title = "{The Shell Model as Unified View of Nuclear Structure}",
    eprint = "nucl-th/0402046",
    archivePrefix = "arXiv",
    doi = "10.1103/RevModPhys.77.427",
    journal = "Rev. Mod. Phys.",
    volume = "77",
    pages = "427--488",
    year = "2005"
}

@article{Otsuka:2018bqq,
    author = "Otsuka, Takaharu and Gade, Alexandra and Sorlin, Olivier and Suzuki, Toshio and Utsuno, Yutaka",
    title = "{Evolution of shell structure in exotic nuclei}",
    eprint = "1805.06501",
    archivePrefix = "arXiv",
    primaryClass = "nucl-th",
    doi = "10.1103/RevModPhys.92.015002",
    journal = "Rev. Mod. Phys.",
    volume = "92",
    number = "1",
    pages = "015002",
    year = "2020"
}

@article{Brown:2001zz,
    author = "Brown, B. A.",
    title = "{The nuclear shell model towards the drip lines}",
    doi = "10.1016/S0146-6410(01)00159-4",
    journal = "Prog. Part. Nucl. Phys.",
    volume = "47",
    pages = "517--599",
    year = "2001"
}

@article{Horoi:2022ley,
    author = "Horoi, M. and Neacsu, A. and Stoica, S.",
    title = "{Statistical analysis for the neutrinoless double-\ensuremath{\beta}-decay matrix element of Ca48}",
    eprint = "2203.10577",
    archivePrefix = "arXiv",
    primaryClass = "nucl-th",
    doi = "10.1103/PhysRevC.106.054302",
    journal = "Phys. Rev. C",
    volume = "106",
    number = "5",
    pages = "054302",
    year = "2022"
}

@article{Horoi:2023uah,
    author = "Horoi, Mihai and Neacsu, Andrei and Stoica, Sabin",
    title = "{Predicting the neutrinoless double-\ensuremath{\beta}-decay matrix element of Xe136 using a statistical approach}",
    eprint = "2302.03664",
    archivePrefix = "arXiv",
    primaryClass = "nucl-th",
    doi = "10.1103/PhysRevC.107.045501",
    journal = "Phys. Rev. C",
    volume = "107",
    number = "4",
    pages = "045501",
    year = "2023"
}

@article{Jokiniemi:2022ayc,
    author = "Jokiniemi, Lotta and Romeo, Beatriz and Soriano, Pablo and Men\'endez, Javier",
    title = "{Neutrinoless \ensuremath{\beta}\ensuremath{\beta}-decay nuclear matrix elements from two-neutrino \ensuremath{\beta}\ensuremath{\beta}-decay data}",
    eprint = "2207.05108",
    archivePrefix = "arXiv",
    primaryClass = "nucl-th",
    doi = "10.1103/PhysRevC.107.044305",
    journal = "Phys. Rev. C",
    volume = "107",
    number = "4",
    pages = "044305",
    year = "2023"
}

@article{Menendez:2017fdf,
    author = "Men\'endez, J.",
    title = "{Neutrinoless $\beta\beta$ decay mediated by the exchange of light and heavy neutrinos: The role of nuclear structure correlations}",
    eprint = "1804.02105",
    archivePrefix = "arXiv",
    primaryClass = "nucl-th",
    doi = "10.1088/1361-6471/aa9bd4",
    journal = "J. Phys. G",
    volume = "45",
    number = "1",
    pages = "014003",
    year = "2018"
}

@article{Weiss:2016obx,
    author = "Weiss, R. and Cruz-Torres, R. and Barnea, N. and Piasetzky, E. and Hen, O.",
    title = "{The nuclear contacts and short range correlations in nuclei}",
    eprint = "1612.00923",
    archivePrefix = "arXiv",
    primaryClass = "nucl-th",
    doi = "10.1016/j.physletb.2018.01.061",
    journal = "Phys. Lett. B",
    volume = "780",
    pages = "211--215",
    year = "2018"
}

@article{Weiss:2021rig,
    author = "Weiss, Ronen and Soriano, Pablo and Lovato, Alessandro and Menendez, Jaview and Wiringa, R. B.",
    title = "{Neutrinoless double-\ensuremath{\beta} decay: Combining quantum Monte Carlo and the nuclear shell model with the generalized contact formalism}",
    eprint = "2112.08146",
    archivePrefix = "arXiv",
    primaryClass = "nucl-th",
    reportNumber = "LA-UR-21-32144",
    doi = "10.1103/PhysRevC.106.065501",
    journal = "Phys. Rev. C",
    volume = "106",
    number = "6",
    pages = "065501",
    year = "2022"
}

@article{Vogel:1986nj,
    author = "Vogel, P. and Zirnbauer, M. R.",
    title = "{Suppression of the Two Neutrino Double beta Decay by Nuclear Structure Effects}",
    doi = "10.1103/PhysRevLett.57.3148",
    journal = "Phys. Rev. Lett.",
    volume = "57",
    pages = "3148--3151",
    year = "1986"
}

@article{Engel:1988au,
    author = "Engel, J. and Vogel, P. and Zirnbauer, M. R.",
    title = "{Nuclear Structure Effects in Double beta Decay}",
    doi = "10.1103/PhysRevC.37.731",
    journal = "Phys. Rev. C",
    volume = "37",
    pages = "731--746",
    year = "1988"
}

@article{Mustonen:2013zu,
    author = "Mustonen, M. T. and Engel, J.",
    title = "{Large-scale calculations of the double-\ensuremath{\beta} decay of $^{76}Ge,^{130}Te,^{136}Xe$, and $^{150}Nd$ in the deformed self-consistent Skyrme quasiparticle random-phase approximation}",
    eprint = "1301.6997",
    archivePrefix = "arXiv",
    primaryClass = "nucl-th",
    doi = "10.1103/PhysRevC.87.064302",
    journal = "Phys. Rev. C",
    volume = "87",
    number = "6",
    pages = "064302",
    year = "2013"
}

@article{Hyvarinen:2015bda,
    author = {Hyv\"arinen, Juhani and Suhonen, Jouni},
    title = "{Nuclear matrix elements for $0\nu\beta\beta$ decays with light or heavy Majorana-neutrino exchange}",
    doi = "10.1103/PhysRevC.91.024613",
    journal = "Phys. Rev. C",
    volume = "91",
    number = "2",
    pages = "024613",
    year = "2015"
}

@article{Simkovic:2018hiq,
    author = "\v{S}imkovic, Fedor and Smetana, Adam and Vogel, Petr",
    title = "{$0\nu\beta\beta$ nuclear matrix elements, neutrino potentials and $\mathrm{SU}(4)$ symmetry}",
    eprint = "1808.05016",
    archivePrefix = "arXiv",
    primaryClass = "nucl-th",
    doi = "10.1103/PhysRevC.98.064325",
    journal = "Phys. Rev. C",
    volume = "98",
    number = "6",
    pages = "064325",
    year = "2018"
}

@article{Fang:2018tui,
    author = "Fang, Dong-Liang and Faessler, Amand and Simkovic, Fedo\v{r}",
    title = "{0\ensuremath{\nu}$\beta\beta$ -decay nuclear matrix element for light and heavy neutrino mass mechanisms from deformed quasiparticle random-phase approximation calculations for $^{76}$Ge, $^{82}$Se, $^{130}$Te, $^{136}$Xe , and $^{150}$Nd with isospin restoration}",
    eprint = "1803.09195",
    archivePrefix = "arXiv",
    primaryClass = "nucl-th",
    doi = "10.1103/PhysRevC.97.045503",
    journal = "Phys. Rev. C",
    volume = "97",
    number = "4",
    pages = "045503",
    year = "2018"
}

@article{Terasaki:2019rbu,
    author = "Terasaki, J. and Iwata, Y.",
    title = "{Isoscalar pairing interaction for the quasiparticle random-phase approximation approach to double- $\beta$ and $\beta$ decays}",
    eprint = "1901.05165",
    archivePrefix = "arXiv",
    primaryClass = "nucl-th",
    doi = "10.1103/PhysRevC.100.034325",
    journal = "Phys. Rev. C",
    volume = "100",
    number = "3",
    pages = "034325",
    year = "2019"
}

@article{Terasaki:2020ndc,
    author = "Terasaki, J.",
    title = "{Strength of the isoscalar pairing interaction determined by a relation between double-charge change and double-pair transfer for double- $\beta$ decay}",
    eprint = "2003.03542",
    archivePrefix = "arXiv",
    primaryClass = "nucl-th",
    doi = "10.1103/PhysRevC.102.044303",
    journal = "Phys. Rev. C",
    volume = "102",
    number = "4",
    pages = "044303",
    year = "2020"
}

@article{Terasaki:2014rba,
    author = "Terasaki, J.",
    title = "{Many-body correlations of quasiparticle random-phase approximation in nuclear matrix elements of neutrinoless double-$\beta$ decay}",
    eprint = "1408.1545",
    archivePrefix = "arXiv",
    primaryClass = "nucl-th",
    doi = "10.1103/PhysRevC.91.034318",
    journal = "Phys. Rev. C",
    volume = "91",
    number = "3",
    pages = "034318",
    year = "2015"
}

@article{Robledo:2018cdj,
    author = "Robledo, L. M. and Rodr\'\i{}guez, T. R. and Rodr\'\i{}guez-Guzm\'an, R. R.",
    title = "{Mean field and beyond description of nuclear structure with the Gogny force: A review}",
    eprint = "1807.02518",
    archivePrefix = "arXiv",
    primaryClass = "nucl-th",
    doi = "10.1088/1361-6471/aadebd",
    journal = "J. Phys. G",
    volume = "46",
    number = "1",
    pages = "013001",
    year = "2019"
}

@article{Paar:2007bk,
    author = "Paar, Nils and Vretenar, Dario and Khan, Elias and Colo, Gianluca",
    title = "{Exotic modes of excitation in atomic nuclei far from stability}",
    eprint = "nucl-th/0701081",
    archivePrefix = "arXiv",
    doi = "10.1088/0034-4885/70/5/R02",
    journal = "Rept. Prog. Phys.",
    volume = "70",
    pages = "691--794",
    year = "2007"
}

@article{LopezVaquero:2013yji,
    author = "L\'opez Vaquero, Nuria and Rodr\'\i{}guez, Tom\'as R. and Egido, J. Luis",
    title = "{Shape and pairing fluctuations effects on neutrinoless double beta decay nuclear matrix elements}",
    eprint = "1401.0650",
    archivePrefix = "arXiv",
    primaryClass = "nucl-th",
    doi = "10.1103/PhysRevLett.111.142501",
    journal = "Phys. Rev. Lett.",
    volume = "111",
    number = "14",
    pages = "142501",
    year = "2013"
}

@article{Yao:2014uta,
    author = "Yao, J. M. and Song, L. S. and Hagino, K. and Ring, P. and Meng, J.",
    title = "{Systematic study of nuclear matrix elements in neutrinoless double-$\beta$ decay with a beyond-mean-field covariant density functional theory}",
    eprint = "1410.6326",
    archivePrefix = "arXiv",
    primaryClass = "nucl-th",
    doi = "10.1103/PhysRevC.91.024316",
    journal = "Phys. Rev. C",
    volume = "91",
    number = "2",
    pages = "024316",
    year = "2015"
}

@article{Hinohara:2014lqa,
    author = "Hinohara, Nobuo and Engel, Jonathan",
    title = "{Proton-Neutron Pairing Amplitude as a Generator Coordinate for Double-Beta Decay}",
    eprint = "1406.0560",
    archivePrefix = "arXiv",
    primaryClass = "nucl-th",
    doi = "10.1103/PhysRevC.90.031301",
    journal = "Phys. Rev. C",
    volume = "90",
    number = "3",
    pages = "031301",
    year = "2014"
}

@article{Menendez:2015kxa,
    author = "Men\'endez, Javier and Hinohara, Nobuo and Engel, Jonathan and Mart\'\i{}nez-Pinedo, Gabriel and Rodr\'\i{}guez, Tom\'as R.",
    title = "{Testing the importance of collective correlations in neutrinoless \ensuremath{\beta}\ensuremath{\beta} decay}",
    eprint = "1510.06824",
    archivePrefix = "arXiv",
    primaryClass = "nucl-th",
    doi = "10.1103/PhysRevC.93.014305",
    journal = "Phys. Rev. C",
    volume = "93",
    number = "1",
    pages = "014305",
    year = "2016"
}

@article{Menendez:2014ena,
    author = "Men\'endez, Javier and Rodr\'\i{}guez, Tomas R. and Mart\'\i{}nez-Pinedo, Gabriel and Poves, Alfredo",
    title = "{Correlations and neutrinoless $\beta\beta$ decay nuclear matrix elements of $pf$-shell nuclei}",
    eprint = "1401.0651",
    archivePrefix = "arXiv",
    primaryClass = "nucl-th",
    doi = "10.1103/PhysRevC.90.024311",
    journal = "Phys. Rev. C",
    volume = "90",
    number = "2",
    pages = "024311",
    year = "2014"
}

@book{Iachello:2006fqa,
    author = "Iachello, F. and Arima, A.",
    title = "{The Interacting Boson Model}",
    doi = "10.1017/CBO9780511895517",
    isbn = "978-0-521-02879-0, 978-0-521-30282-1",
    publisher = "Cambridge University Press",
    series = "Cambridge Monographs on Mathematical Physics",
    month = "11",
    year = "2006"
}

@article{Deppisch:2020ztt,
    author = "Deppisch, Frank F. and Graf, Lukas and Iachello, Francesco and Kotila, Jenni",
    title = "{Analysis of light neutrino exchange and short-range mechanisms in $0\nu\beta\beta$ decay}",
    eprint = "2009.10119",
    archivePrefix = "arXiv",
    primaryClass = "hep-ph",
    doi = "10.1103/PhysRevD.102.095016",
    journal = "Phys. Rev. D",
    volume = "102",
    number = "9",
    pages = "095016",
    year = "2020"
}

@article{CoelloPerez:2017xsq,
    author = "Coello P\'erez, Eduardo Antonio and Men\'endez, Javier and Schwenk, Achim",
    title = "{Gamow-Teller and double-$\beta$ decays of heavy nuclei within an effective theory}",
    eprint = "1708.06140",
    archivePrefix = "arXiv",
    primaryClass = "nucl-th",
    doi = "10.1103/PhysRevC.98.045501",
    journal = "Phys. Rev. C",
    volume = "98",
    number = "4",
    pages = "045501",
    year = "2018"
}

@article{Brase:2021uny,
    author = "Brase, Catharina and Men\'endez, Javier and Coello P\'erez, Eduardo Antonio and Schwenk, Achim",
    title = "{Neutrinoless double-\ensuremath{\beta} decay from an effective field theory for heavy nuclei}",
    eprint = "2108.11805",
    archivePrefix = "arXiv",
    primaryClass = "nucl-th",
    doi = "10.1103/PhysRevC.106.034309",
    journal = "Phys. Rev. C",
    volume = "106",
    number = "3",
    pages = "034309",
    year = "2022"
}

@article{Shimizu:2017qcy,
    author = "Shimizu, Noritaka and Men\'endez, Javier and Yako, Kentaro",
    title = "{Double Gamow-Teller Transitions and its Relation to Neutrinoless \ensuremath{\beta}\ensuremath{\beta} Decay}",
    eprint = "1709.01088",
    archivePrefix = "arXiv",
    primaryClass = "nucl-th",
    doi = "10.1103/PhysRevLett.120.142502",
    journal = "Phys. Rev. Lett.",
    volume = "120",
    number = "14",
    pages = "142502",
    year = "2018"
}

@article{Romeo:2021zrn,
    author = "Romeo, B. and Men\'endez, J. and Pe\~na Garay, C.",
    title = "{\ensuremath{\gamma}\ensuremath{\gamma} decay as a probe of neutrinoless \ensuremath{\beta}\ensuremath{\beta} decay nuclear matrix elements}",
    eprint = "2102.11101",
    archivePrefix = "arXiv",
    primaryClass = "nucl-th",
    doi = "10.1016/j.physletb.2022.136965",
    journal = "Phys. Lett. B",
    volume = "827",
    pages = "136965",
    year = "2022"
}

@article{Jokiniemi:2023bes,
    author = "Jokiniemi, Lotta and Men\'endez, Javier",
    title = "{Correlations between neutrinoless double-\ensuremath{\beta}, double Gamow-Teller, and double-magnetic decays in the proton-neutron quasiparticle random-phase approximation framework}",
    eprint = "2302.05399",
    archivePrefix = "arXiv",
    primaryClass = "nucl-th",
    doi = "10.1103/PhysRevC.107.044316",
    journal = "Phys. Rev. C",
    volume = "107",
    number = "4",
    pages = "044316",
    year = "2023"
}

@article{Yao:2022usd,
    author = "Yao, J. M. and Ginnett, I. and Belley, A. and Miyagi, T. and Wirth, R. and Bogner, S. and Engel, J. and Hergert, H. and Holt, J. D. and Stroberg, S. R.",
    title = "{Ab initio studies of the double\textendash{}Gamow-Teller transition and its correlation with neutrinoless double-\ensuremath{\beta} decay}",
    eprint = "2204.12971",
    archivePrefix = "arXiv",
    primaryClass = "nucl-th",
    doi = "10.1103/PhysRevC.106.014315",
    journal = "Phys. Rev. C",
    volume = "106",
    number = "1",
    pages = "014315",
    year = "2022"
}

@article{Wirth:2021pij,
    author = "Wirth, R. and Yao, J. M. and Hergert, H.",
    title = "{Ab~Initio Calculation of the Contact Operator Contribution in the Standard Mechanism for Neutrinoless Double Beta Decay}",
    eprint = "2105.05415",
    archivePrefix = "arXiv",
    primaryClass = "nucl-th",
    doi = "10.1103/PhysRevLett.127.242502",
    journal = "Phys. Rev. Lett.",
    volume = "127",
    number = "24",
    pages = "242502",
    year = "2021"
}

@article{Belley:2023btr,
    author = "Belley, A. and Miyagi, T. and Stroberg, S. R. and Holt, J. D.",
    title = "{Ab initio calculations of neutrinoless $\beta \beta$ decay refine neutrino mass limits}",
    eprint = "2307.15156",
    archivePrefix = "arXiv",
    primaryClass = "nucl-th",
    month = "7",
    year = "2023"
}

%%%%%%%%%%%%%%%%%%%%%%%%%%%%%%%%%%%%%%%%%%%%%%%%%%%%%%%%%%%

%% CHAPTER 5

@article{decaychain,
author = {Nelson, Andrew and Eitrheim, Eric and Knight, Andrew and May, Dustin and Mehrhoff, Marinea and Shannon, Robert and Litman, Robert and Burnett, William and Forbes, Tori and Schultz, Michael},
year = {2015},
month = {04},
pages = {},
title = {Understanding the Radioactive Ingrowth and Decay of Naturally Occurring Radioactive Materials in the Environment: An Analysis of Produced Fluids from the Marcellus Shale},
volume = {123},
journal = {Environmental health perspectives},
doi = {10.1289/ehp.1408855}
}

@article{Gomez-Cadenas:2010zcc,
    author = "Gomez-Cadenas, J. J. and Martin-Albo, J. and Sorel, M. and Ferrario, P. and Monrabal, F. and Munoz-Vidal, J. and Novella, P. and Poves, A.",
    title = "{Sense and sensitivity of double beta decay experiments}",
    eprint = "1010.5112",
    archivePrefix = "arXiv",
    primaryClass = "hep-ex",
    doi = "10.1088/1475-7516/2011/06/007",
    journal = "JCAP",
    volume = "06",
    pages = "007",
    year = "2011"
}

@article{Avasthi:2021lgy,
    author = "Avasthi, A. and others",
    title = "{Kiloton-scale xenon detectors for neutrinoless double beta decay and other new physics searches}",
    eprint = "2110.01537",
    archivePrefix = "arXiv",
    primaryClass = "physics.ins-det",
    doi = "10.1103/PhysRevD.104.112007",
    journal = "Phys. Rev. D",
    volume = "104",
    number = "11",
    pages = "112007",
    year = "2021"
}

@article{LZ:2019qdm,
    author = "Akerib, D. S. and others",
    collaboration = "LZ",
    title = "{Projected sensitivity of the LUX-ZEPLIN experiment to the $0\nu\beta\beta$ decay of $^{136}Xe$}",
    eprint = "1912.04248",
    archivePrefix = "arXiv",
    primaryClass = "nucl-ex",
    reportNumber = "FERMILAB-PUB-19-635-AE",
    doi = "10.1103/PhysRevC.102.014602",
    journal = "Phys. Rev. C",
    volume = "102",
    number = "1",
    pages = "014602",
    year = "2020"
}

@article{CUPID:2019imh,
    author = "Armstrong, W. R. and others",
    collaboration = "CUPID",
    title = "{CUPID pre-CDR}",
    eprint = "1907.09376",
    archivePrefix = "arXiv",
    primaryClass = "physics.ins-det",
    month = "7",
    year = "2019"
}

@article{CUPID:2020aow,
    author = "Armengaud, E. and others",
    collaboration = "CUPID",
    title = "{New Limit for Neutrinoless Double-Beta Decay of $^{100}$Mo from the CUPID-Mo Experiment}",
    eprint = "2011.13243",
    archivePrefix = "arXiv",
    primaryClass = "nucl-ex",
    doi = "10.1103/PhysRevLett.126.181802",
    journal = "Phys. Rev. Lett.",
    volume = "126",
    number = "18",
    pages = "181802",
    year = "2021"
}

@article{Ianni:2023fvs,
    author = "Ianni, Aldo",
    title = "{Underground laboratories}",
    doi = "10.21468/SciPostPhysProc.12.007",
    journal = "SciPost Phys. Proc.",
    volume = "12",
    pages = "007",
    year = "2023"
}

@article{JNE:2020bwn,
    author = "Guo, Ziyi and others",
    collaboration = "JNE",
    title = "{Muon flux measurement at China Jinping Underground Laboratory}",
    eprint = "2007.15925",
    archivePrefix = "arXiv",
    primaryClass = "physics.ins-det",
    doi = "10.1088/1674-1137/abccae",
    journal = "Chin. Phys. C",
    volume = "45",
    number = "2",
    pages = "025001",
    year = "2021"
}

@article{Baudis:2022pzb,
    author = "Baudis, L. and Hall, J. and Lesko, K. T. and Orrell, J. L.",
    title = "{Snowmass 2021 Underground Facilities and Infrastructure Overview Topical Report}",
    eprint = "2212.07037",
    archivePrefix = "arXiv",
    primaryClass = "hep-ex",
    month = "12",
    year = "2022"
}

@inproceedings{Heise:2022iaf,
    author = "Heise, Jaret",
    title = "{The Sanford Underground Research Facility}",
    booktitle = "{Snowmass 2021}",
    eprint = "2203.08293",
    archivePrefix = "arXiv",
    primaryClass = "hep-ex",
    month = "3",
    year = "2022"
}

@article{nEXO:2018nxx,
    author = "Chambers, C. and others",
    collaboration = "nEXO",
    title = "{Imaging individual barium atoms in solid xenon for barium tagging in nEXO}",
    eprint = "1806.10694",
    archivePrefix = "arXiv",
    primaryClass = "physics.ins-det",
    doi = "10.1038/s41586-019-1169-4",
    journal = "Nature",
    volume = "569",
    number = "7755",
    pages = "203--207",
    year = "2019"
}

@article{McDonald:2017izm,
    author = "McDonald, A. D. and others",
    title = "{Demonstration of Single Barium Ion Sensitivity for Neutrinoless Double Beta Decay using Single Molecule Fluorescence Imaging}",
    eprint = "1711.04782",
    archivePrefix = "arXiv",
    primaryClass = "physics.ins-det",
    reportNumber = "FERMILAB-PUB-17-521-ND",
    doi = "10.1103/PhysRevLett.120.132504",
    journal = "Phys. Rev. Lett.",
    volume = "120",
    number = "13",
    pages = "132504",
    year = "2018"
}

@article{Rivilla:2020cvm,
    author = "Rivilla, Iv\'an and others",
    title = "{Fluorescent bicolour sensor for low-background neutrinoless double $\beta$ decay experiments}",
    doi = "10.1038/s41586-020-2431-5",
    journal = "Nature",
    volume = "583",
    number = "7814",
    pages = "48--54",
    year = "2020"
}

%%%%%%%%%%%%%%%%%%%%%%%%%%%%%%%%%%%%%%%%%%%%%%%%%%%%%%%%%%%

%% CHAPTER 6

% hpge

@article{Klapdor-Kleingrothaus:2000eir,
    author = "Klapdor-Kleingrothaus, H. V. and others",
    editor = "Klapdor-Kleingrothaus, H. V.",
    title = "{Latest results from the Heidelberg-Moscow double beta decay experiment}",
    eprint = "hep-ph/0103062",
    archivePrefix = "arXiv",
    doi = "10.1007/s100500170022",
    journal = "Eur. Phys. J. A",
    volume = "12",
    pages = "147--154",
    year = "2001"
}

@article{Klapdor-Kleingrothaus:2001oba,
    author = "Klapdor-Kleingrothaus, H. V. and Dietz, A. and Harney, H. L. and Krivosheina, I. V.",
    title = "{Evidence for neutrinoless double beta decay}",
    eprint = "hep-ph/0201231",
    archivePrefix = "arXiv",
    doi = "10.1142/S0217732301005825",
    journal = "Mod. Phys. Lett. A",
    volume = "16",
    pages = "2409--2420",
    year = "2001"
}

@article{Klapdor-Kleingrothaus:2006zcr,
    author = "Klapdor-Kleingrothaus, H. V. and Krivosheina, I. V.",
    title = "{The evidence for the observation of 0nu beta beta decay: The identification of 0nu beta beta events from the full spectra}",
    doi = "10.1142/S0217732306020937",
    journal = "Mod. Phys. Lett. A",
    volume = "21",
    pages = "1547--1566",
    year = "2006"
}

@article{Aalseth:2002dt,
    author = "Aalseth, C. E. and others",
    title = "{Comment on `Evidence for neutrinoless double beta decay'}",
    eprint = "hep-ex/0202018",
    archivePrefix = "arXiv",
    doi = "10.1142/S0217732302007715",
    journal = "Mod. Phys. Lett. A",
    volume = "17",
    pages = "1475--1478",
    year = "2002"
}

@article{IGEX:2002bce,
    author = "Aalseth, C. E. and others",
    collaboration = "IGEX",
    title = "{The IGEX Ge-76 neutrinoless double beta decay experiment: Prospects for next generation experiments}",
    eprint = "hep-ex/0202026",
    archivePrefix = "arXiv",
    doi = "10.1103/PhysRevD.65.092007",
    journal = "Phys. Rev. D",
    volume = "65",
    pages = "092007",
    year = "2002"
}

@article{Gonzalez:2003pr,
    author = "Gonzalez, D. and others",
    title = "{Pulse shape discrimination in the IGEX experiment}",
    eprint = "hep-ex/0302018",
    archivePrefix = "arXiv",
    doi = "10.1016/j.nima.2003.06.008",
    journal = "Nucl. Instrum. Meth. A",
    volume = "515",
    pages = "634--643",
    year = "2003"
}

@article{Agostini:2010ke,
    author = "Agostini, M. and Bellotti, E. and Brugnera, R. and Cattadori, C. M. and D'Andragora, A. and di Vacri, A. and Garfagnini, A. and Laubenstein, M. and Pandola, L. and Ur, C. A.",
    title = "{Characterization of a broad energy germanium detector and application to neutrinoless double beta decay search in $^{76}$Ge}",
    eprint = "1012.5200",
    archivePrefix = "arXiv",
    primaryClass = "physics.ins-det",
    doi = "10.1088/1748-0221/6/04/P04005",
    journal = "JINST",
    volume = "6",
    pages = "P04005",
    year = "2011"
}

@article{Majorana:2019nbd,
    author = "Alvis, S. I. and others",
    collaboration = "Majorana",
    title = "{A Search for Neutrinoless Double-Beta Decay in $^{76}$Ge with 26 kg-yr of Exposure from the MAJORANA DEMONSTRATOR}",
    eprint = "1902.02299",
    archivePrefix = "arXiv",
    primaryClass = "nucl-ex",
    doi = "10.1103/PhysRevC.100.025501",
    journal = "Phys. Rev. C",
    volume = "100",
    number = "2",
    pages = "025501",
    year = "2019"
}

@article{Gavriljuk:2005xc,
    author = "Gavriljuk, Ju. M. and Gangapshev, A. M. and Kuzminov, V. V. and Panasenko, S. I. and Ratkevich, S. S.",
    editor = "Bednyakov, V. A. and Brudanin, V. B.",
    title = "{Results of a search for 2 beta-decay of Xe-136 with high-pressure copper proportional counters in Baksan neutrino observatory}",
    eprint = "nucl-ex/0510071",
    archivePrefix = "arXiv",
    doi = "10.1134/S1063778806120180",
    journal = "Phys. Atom. Nucl.",
    volume = "69",
    pages = "2129--2133",
    year = "2006"
}

@article{Abt:2004yk,
    author = "Abt, I. and others",
    title = "{A New $Ge^{76}$ Double Beta Decay Experiment at LNGS: Letter of Intent}",
    eprint = "hep-ex/0404039",
    archivePrefix = "arXiv",
    month = "3",
    year = "2004"
}

@inproceedings{Budjas:2008wb,
    author = "Budjas, Dusan and Barnabe Heider, Marik and Chkvorets, Oleg and Schonert, Stefan and Khanbekov, Nikita",
    title = "{Pulse Shape Analysis with a Broad-Energy Germanium Detector for the GERDA experiment}",
    booktitle = "{2008 IEEE Nuclear Science Symposium and Medical Imaging Conference and 16th International Workshop on Room-Temperature Semiconductor X-Ray and Gamma-Ray Detectors}",
    eprint = "0812.1735",
    archivePrefix = "arXiv",
    primaryClass = "nucl-ex",
    doi = "10.1109/NSSMIC.2008.4774866",
    pages = "2513--2515",
    year = "2008"
}

@article{Cattadori:2012fy,
    author = "Cattadori, Carla Maria",
    editor = "Oberauer, Lothar and Raffelt, Georg and Wagner, Robert",
    title = "{GERDA status report: Results from commissioning}",
    doi = "10.1088/1742-6596/375/1/042008",
    journal = "J. Phys. Conf. Ser.",
    volume = "375",
    pages = "042008",
    year = "2012"
}

@article{Majorana:2011rit,
    author = "Aalseth, C. E. and others",
    editor = "Bernardini, Paolo and Fogli, Gianluigi and Lisi, Eligio",
    collaboration = "Majorana",
    title = "{The Majorana Experiment}",
    eprint = "1101.0119",
    archivePrefix = "arXiv",
    primaryClass = "nucl-ex",
    reportNumber = "LA-UR-10-08261",
    doi = "10.1016/j.nuclphysbps.2011.04.063",
    journal = "Nucl. Phys. B Proc. Suppl.",
    volume = "217",
    pages = "44--46",
    year = "2011"
}

@article{Majorana:2011vap,
    author = "Schubert, A. G. and others",
    editor = "Steadman, Stephen G. and Stephans, George S. F.",
    collaboration = "Majorana",
    title = "{The MAJORANA DEMONSTRATOR: A Search for Neutrinoless Double-beta Decay of Germanium-76}",
    eprint = "1109.1567",
    archivePrefix = "arXiv",
    primaryClass = "nucl-ex",
    doi = "10.1063/1.3700592",
    journal = "AIP Conf. Proc.",
    volume = "1441",
    number = "1",
    pages = "480--482",
    year = "2012"
}

@article{Raghavan:1994qw,
    author = "Raghavan, R. S.",
    title = "{New approach to the search for neutrinoless double beta decay}",
    doi = "10.1103/PhysRevLett.72.1411",
    journal = "Phys. Rev. Lett.",
    volume = "72",
    pages = "1411--1414",
    year = "1994"
}

@article{KamLAND:2002uet,
    author = "Eguchi, K. and others",
    collaboration = "KamLAND",
    title = "{First results from KamLAND: Evidence for reactor anti-neutrino disappearance}",
    eprint = "hep-ex/0212021",
    archivePrefix = "arXiv",
    doi = "10.1103/PhysRevLett.90.021802",
    journal = "Phys. Rev. Lett.",
    volume = "90",
    pages = "021802",
    year = "2003"
}

@inproceedings{kozlov2011status,
  title={Status of the kamland-zen experiment},
  author={Kozlov, A},
  booktitle={12th International Conference on Topics in Astroparticle and Underground Physics, Munich},
  year={2011}
}

@article{NEXT:2011eyk,
    author = "Alvarez, V. and others",
    collaboration = "NEXT",
    title = "{The NEXT-100 experiment for neutrinoless double beta decay searches (Conceptual Design Report)}",
    eprint = "1106.3630",
    archivePrefix = "arXiv",
    primaryClass = "physics.ins-det",
    month = "6",
    year = "2011"
}

@article{Nygren:2009zz,
    author = "Nygren, David",
    title = "{High-pressure xenon gas electroluminescent TPC for 0nu beta beta-decay search}",
    doi = "10.1016/j.nima.2009.01.222",
    journal = "Nucl. Instrum. Meth. A",
    volume = "603",
    pages = "337--348",
    year = "2009"
}

@article{Luscher:1998sd,
    author = "Luscher, R. and others",
    title = "{Search for beta beta decay in Xe-136: New results from the Gotthard experiment}",
    doi = "10.1016/S0370-2693(98)00906-X",
    journal = "Phys. Lett. B",
    volume = "434",
    pages = "407--414",
    year = "1998"
}

@article{Kraus:2010zzb,
    author = "Kraus, Christine and Peeters, Simon J. M.",
    editor = "Faessler, Amand and Rodin, Vadim",
    collaboration = "SNO+",
    title = "{The rich neutrino programme of the SNO+ experiment}",
    doi = "10.1016/j.ppnp.2009.12.027",
    journal = "Prog. Part. Nucl. Phys.",
    volume = "64",
    pages = "273--277",
    year = "2010"
}

@article{SNO:1999crp,
    author = "Boger, J. and others",
    collaboration = "SNO",
    title = "{The Sudbury neutrino observatory}",
    eprint = "nucl-ex/9910016",
    archivePrefix = "arXiv",
    reportNumber = "SNO-STR-99-025",
    doi = "10.1016/S0168-9002(99)01469-2",
    journal = "Nucl. Instrum. Meth. A",
    volume = "449",
    pages = "172--207",
    year = "2000"
}

@inproceedings{Borexino:2009awt,
    author = "Franco, D. and others",
    collaboration = "Borexino",
    title = "{The First year of Borexino}",
    booktitle = "{Heavy Quarks and Leptons 2008 (HQ\&L08)}",
    eprint = "0905.1044",
    archivePrefix = "arXiv",
    primaryClass = "hep-ex",
    month = "5",
    year = "2009"
}

@phdthesis{Wright:2009csa,
    author = "Wright, Alexander Joseph",
    title = "{Robust Signal Extraction Methods and Monte Carlo Sensitivity Studies for the Sudbury Neutrino Observatory and SNO+ Experiments}",
    school = "Queens U.",
    year = "2009"
}

@inproceedings{Shitov:2010nt,
    author = "Shitov, Yu. A.",
    collaboration = "SuperNEMO",
    title = "{A Search for Neutrinoless Double Beta Decay: from NEMO-3 to SuperNEMO}",
    booktitle = "{45th Rencontres de Moriond on Electroweak Interactions and Unified Theories}",
    eprint = "1006.4775",
    archivePrefix = "arXiv",
    primaryClass = "hep-ex",
    pages = "313--318",
    month = "6",
    year = "2010"
}

@article{Freshville:2011zz,
    author = "Freshville, Anastasia",
    editor = "Wang, Yifang",
    collaboration = "SuperNEMO",
    title = "{Calorimeter \textbackslash{}\&  for the SuperNEMO double beta decay experiment}",
    doi = "10.1088/1742-6596/293/1/012037",
    journal = "J. Phys. Conf. Ser.",
    volume = "293",
    pages = "012037",
    year = "2011"
}

@article{Umehara:2010zz,
    author = "Umehara, S. and others",
    editor = "Ozawa, Akira and Liu, Wei-Ping",
    title = "{Study of double beta decay of Ca-48 by CANDLES}",
    doi = "10.1063/1.3442610",
    journal = "AIP Conf. Proc.",
    volume = "1235",
    number = "1",
    pages = "287--293",
    year = "2010"
}

@article{Zuber:2001vm,
    author = "Zuber, K.",
    title = "{COBRA: Double beta decay searches using CdTe detectors}",
    eprint = "nucl-ex/0105018",
    archivePrefix = "arXiv",
    doi = "10.1016/S0370-2693(01)01056-5",
    journal = "Phys. Lett. B",
    volume = "519",
    pages = "1--7",
    year = "2001"
}

@article{Zuber:2010zz,
    author = "Zuber, K.",
    editor = "Faessler, Amand and Rodin, Vadim",
    title = "{The status of the COBRA double-beta-decay experiment}",
    doi = "10.1016/j.ppnp.2009.12.025",
    journal = "Prog. Part. Nucl. Phys.",
    volume = "64",
    pages = "267--269",
    year = "2010"
}

@article{Ishikawa:2011zza,
    author = "Ishikawa, T. and others",
    editor = "Bergauer, Thomas and Hrubec, Josef and Jeitler, Manfred and Krammer, Manfred and Badurek, Gerald",
    title = "{Three-dimensional drift chambers of the DCBA experiment for neutrinoless double beta decay search}",
    doi = "10.1016/j.nima.2010.06.318",
    journal = "Nucl. Instrum. Meth. A",
    volume = "628",
    pages = "209--211",
    year = "2011"
}

@article{Giuliani:2010zz,
    author = "Giuliani, Andrea",
    editor = "Zalewska, Agnieszka",
    title = "{Searches for neutrinoless double beta decay}",
    journal = "Acta Phys. Polon. B",
    volume = "41",
    pages = "1447--1468",
    year = "2010"
}

@article{Ejiri:2010zz,
    author = "Ejiri, H.",
    editor = "Hwang, W. Y. Pauchy and He, Xiao-Gang",
    collaboration = "MOON",
    title = "{MOON for symmetry studies of neutrinos by double beta decays and neutrino nuclear responses}",
    doi = "10.1016/j.nuclphysa.2010.05.006",
    journal = "Nucl. Phys. A",
    volume = "844",
    pages = "10C--13C",
    year = "2010"
}

@article{Sekiya:2010bf,
    author = "Sekiya, Hiroyuki",
    editor = "Suzuki, Atsuto and Nishikawa, Koichiro",
    collaboration = "XMASS",
    title = "{XMASS}",
    eprint = "1006.1473",
    archivePrefix = "arXiv",
    primaryClass = "astro-ph.IM",
    doi = "10.1088/1742-6596/308/1/012011",
    journal = "J. Phys. Conf. Ser.",
    volume = "308",
    pages = "012011",
    year = "2011"
}

@article{Takeda:2011zza,
    author = "Takeda, Atsushi",
    editor = "Ford, Richard",
    collaboration = "XMASS",
    title = "{Low background techniques in XMASS}",
    doi = "10.1063/1.3579569",
    journal = "AIP Conf. Proc.",
    volume = "1338",
    pages = "123--125",
    year = "2011"
}

@article{Feldman:1997qc,
    author = "Feldman, Gary J. and Cousins, Robert D.",
    title = "{A Unified approach to the classical statistical analysis of small signals}",
    eprint = "physics/9711021",
    archivePrefix = "arXiv",
    reportNumber = "HUTP-97-A096",
    doi = "10.1103/PhysRevD.57.3873",
    journal = "Phys. Rev. D",
    volume = "57",
    pages = "3873--3889",
    year = "1998"
}

@article{Knopfle:2012zz,
    author = "Knopfle, K. T.",
    editor = "Steadman, Stephen G. and Stephans, George S. F.",
    collaboration = "GERDA",
    title = "{Status and perspective of the GERDA neutrinoless double beta decay experiment}",
    doi = "10.1063/1.3700593",
    journal = "AIP Conf. Proc.",
    volume = "1441",
    number = "1",
    pages = "483--485",
    year = "2012"
}

@article{Agostini:2010rd,
    author = "Agostini, M. and Ur, C. A. and Budjas, D. and Bellotti, E. and Brugnera, R. and Cattadori, C. M. and di Vacri, A. and Garfagnini, A. and Pandola, L. and Schonert, S.",
    title = "{Signal modeling of high-purity Ge detectors with a small read-out electrode and application to neutrinoless double beta decay search in Ge-76}",
    eprint = "1012.4300",
    archivePrefix = "arXiv",
    primaryClass = "physics.ins-det",
    doi = "10.1088/1748-0221/6/03/P03005",
    journal = "JINST",
    volume = "6",
    pages = "P03005",
    year = "2011"
}

@phdthesis{heisel2011large,
  title={LArGe. A liquid argon scintillation veto for GERDA},
  author={Heisel, Mark},
  year={2011}
}

@phdthesis{lehnert2011analysis,
  title={Analysis of double beta decays in germanium, palladium and argon},
  author={Lehnert, B},
  year={2011}
}

@article{Alessandria:2011vj,
    author = "Alessandria, F. and others",
    title = "{CUORE crystal validation runs: results on radioactive contamination and extrapolation to CUORE background}",
    eprint = "1108.4757",
    archivePrefix = "arXiv",
    primaryClass = "nucl-ex",
    doi = "10.1016/j.astropartphys.2012.02.008",
    journal = "Astropart. Phys.",
    volume = "35",
    pages = "839--849",
    year = "2012"
}

@article{CUORE:2003fpg,
    author = "Arnaboldi, C and others",
    collaboration = "CUORE",
    title = "{Physics potential and prospects for the CUORICINO and CUORE experiments}",
    eprint = "hep-ex/0302021",
    archivePrefix = "arXiv",
    doi = "10.1016/S0927-6505(03)00180-4",
    journal = "Astropart. Phys.",
    volume = "20",
    pages = "91--110",
    year = "2003"
}

@article{Gorla:2012gd,
    author = "Gorla, P.",
    editor = "Oberauer, Lothar and Raffelt, Georg and Wagner, Robert",
    collaboration = "CUORE",
    title = "{The CUORE experiment: Status and prospects}",
    doi = "10.1088/1742-6596/375/1/042013",
    journal = "J. Phys. Conf. Ser.",
    volume = "375",
    pages = "042013",
    year = "2012"
}

@inproceedings{koga2010kamland,
  title={KamLAND double beta decay experiment using 136Xe},
  author={Koga, M},
  booktitle={International Conference on High Energy Physics (ICHEP),(Paris)},
  year={2010}
}

@article{Wilkerson:2012ga,
    author = "Wilkerson, J. F. and others",
    editor = "Oberauer, Lothar and Raffelt, Georg and Wagner, Robert",
    title = "{The MAJORANA demonstrator: A search for neutrinoless double-beta decay of germanium-76}",
    doi = "10.1088/1742-6596/375/1/042010",
    journal = "J. Phys. Conf. Ser.",
    volume = "375",
    pages = "042010",
    year = "2012"
}

@article{OKeeffe:2011dex,
    author = "O'Keeffe, H. M. and O'Sullivan, E. and Chen, M. C.",
    title = "{Scintillation decay time and pulse shape discrimination in oxygenated and deoxygenated solutions of linear alkylbenzene for the SNO+ experiment}",
    eprint = "1102.0797",
    archivePrefix = "arXiv",
    primaryClass = "physics.ins-det",
    doi = "10.1016/j.nima.2011.03.027",
    journal = "Nucl. Instrum. Meth. A",
    volume = "640",
    pages = "119--122",
    year = "2011"
}

@article{Hall:2010zz,
    author = "Hall, C. and others",
    editor = "Pire, Bernard and Cirelli, Marco and Colas, Paul and Djouadi, Abdelhak and Lounis, Abdenour and Machefert, Frederic and Wormser, Guy",
    title = "{A search for weakly interacting dark matter with the LUX experiment}",
    doi = "10.22323/1.120.0431",
    journal = "PoS",
    volume = "ICHEP2010",
    pages = "431",
    year = "2010"
}

@article{Baudis:2012bc,
    author = "Baudis, Laura",
    editor = "Oberauer, Lothar and Raffelt, Georg and Wagner, Robert",
    collaboration = "DARWIN Consortium",
    title = "{DARWIN: dark matter WIMP search with noble liquids}",
    eprint = "1201.2402",
    archivePrefix = "arXiv",
    primaryClass = "astro-ph.IM",
    reportNumber = "UZH-PI-DARWIN-03, uzh-pi-darwin-03",
    doi = "10.1088/1742-6596/375/1/012028",
    journal = "J. Phys. Conf. Ser.",
    volume = "375",
    pages = "012028",
    year = "2012"
}

@article{Baudis:2011am,
    author = "Baudis, L. and others",
    title = "{Gator: a low-background counting facility at the Gran Sasso Underground Laboratory}",
    eprint = "1103.2125",
    archivePrefix = "arXiv",
    primaryClass = "astro-ph.IM",
    doi = "10.1088/1748-0221/6/08/P08010",
    journal = "JINST",
    volume = "6",
    pages = "P08010",
    year = "2011"
}

@phdthesis{novella2009experimental,
  title={Experimental studies of neutrino nature: From k2k to supernemo},
  author={Novella, Pau},
  year={2009}
}

@inproceedings{simard2011results,
  title={Results of the nemo-3 experiment},
  author={Simard, L},
  booktitle={12th International Conference on Topics in Astroparticle and Underground Physics (TAUP 2011), Munich},
  year={2011}
}

@article{Barabash:2011mf,
    author = "Barabash, A. S.",
    title = "{Double Beta Decay: Historical Review of 75 Years of Research}",
    eprint = "1104.2714",
    archivePrefix = "arXiv",
    primaryClass = "nucl-ex",
    doi = "10.1134/S1063778811030070",
    journal = "Phys. Atom. Nucl.",
    volume = "74",
    pages = "603--613",
    year = "2011"
}

@article{Tretyak:2011pg,
    author = "Tretyak, V. I.",
    editor = "Civitarese, Osvaldo and Stekl, Ivan and Suhonen, Jouni",
    title = "{False starts in history of searches for $2\beta$ decay, or Discoverless double beta decay}",
    eprint = "1112.4183",
    archivePrefix = "arXiv",
    primaryClass = "nucl-ex",
    doi = "10.1063/1.3671051",
    journal = "AIP Conf. Proc.",
    volume = "1417",
    number = "1",
    pages = "129--133",
    year = "2011"
}


%%%%nEXO

@article{EXO-200:2020wmu,
    author = "Al Kharusi, S. and others",
    collaboration = "EXO-200",
    title = "{Measurement of the Spectral Shape of the $\beta$-Decay of $^{137}$Xe to the Ground State of $^{137}$Cs in EXO-200 and Comparison with Theory}",
    eprint = "2002.00108",
    archivePrefix = "arXiv",
    primaryClass = "nucl-ex",
    doi = "10.1103/PhysRevLett.124.232502",
    journal = "Phys. Rev. Lett.",
    volume = "124",
    number = "23",
    pages = "232502",
    year = "2020"
}



@article{nEXO:2021ujk,
    author = "Adhikari, G. and others",
    collaboration = "nEXO",
    title = "{nEXO: neutrinoless double beta decay search beyond 10$^{28}$ year half-life sensitivity}",
    eprint = "2106.16243",
    archivePrefix = "arXiv",
    primaryClass = "nucl-ex",
    doi = "10.1088/1361-6471/ac3631",
    journal = "J. Phys. G",
    volume = "49",
    number = "1",
    pages = "015104",
    year = "2022"
}



@misc{nexocprecdr,
      title={nEXO Pre-Conceptual Design Report}, 
      author={nEXO Collaboration and S. Al Kharusi and A. Alamre and J. B. Albert and M. Alfaris and G. Anton and I. J. Arnquist and I. Badhrees and P. S. Barbeau and D. Beck and V. Belov and T. Bhatta and F. Bourque and J. P. Brodsky and E. Brown and T. Brunner and A. Burenkov and G. F. Cao and L. Cao and W. R. Cen and C. Chambers and S. A. Charlebois and M. Chiu and B. Cleveland and R. Conley and M. Coon and M. Côté and A. Craycraft and W. Cree and J. Dalmasson and T. Daniels and D. Danovitch and L. Darroch and S. J. Daugherty and J. Daughhetee and R. DeVoe and S. Delaquis and A. Der Mesrobian-Kabakian and M. L. Di Vacri and J. Dilling and Y. Y. Ding and M. J. Dolinski and A. Dragone and J. Echevers and L. Fabris and D. Fairbank and W. Fairbank and J. Farine and S. Ferrara and S. Feyzbakhsh and P. Fierlinger and R. Fontaine and D. Fudenberg and G. Gallina and G. Giacomini and R. Gornea and G. Gratta and G. Haller and E. V. Hansen and D. Harris and J. Hasi and M. Heffner and E. W. Hoppe and J. Hößl and A. House and P. Hufschmidt and M. Hughes and Y. Ito and A. Iverson and A. Jamil and C. Jessiman and M. J. Jewell and X. S. Jiang and A. Karelin and L. J. Kaufman and C. Kenney and R. Killick and D. Kodroff and T. Koffas and S. Kravitz and R. Krücken and A. Kuchenkov and K. S. Kumar and Y. Lan and A. Larson and B. G. Lenardo and D. S. Leonard and C. M. Lewis and G. Li and S. Li and Z. Li and C. Licciardi and Y. H. Lin and P. Lv and R. MacLellan and K. McFarlane and T. Michel and B. Mong and D. C. Moore and K. Murray and R. J. Newby and T. Nguyen and Z. Ning and O. Njoya and F. Nolet and O. Nusair and K. Odgers and A. Odian and M. Oriunno and J. L. Orrell and G. S. Ortega and I. Ostrovskiy and C. T. Overman and S. Parent and M. Patel and A. Peña-Perez and A. Piepke and A. Pocar and J. -F. Pratte and D. Qiu and V. Radeka and E. Raguzin and T. Rao and S. Rescia and F. Retière and A. Robinson and T. Rossignol and P. C. Rowson and N. Roy and J. Runge and R. Saldanha and S. Sangiorgio and S. Schmidt and J. Schneider and A. Schubert and J. Segal and K. Skarpaas~VIII and A. K. Soma and K. Spitaels and G. St-Hilaire and V. Stekhanov and T. Stiegler and X. L. Sun and M. Tarka and J. Todd and T. Tolba and T. I. Totev and R. Tsang and T. Tsang and F. Vachon and B. Veenstra and V. Veeraraghavan and G. Visser and P. Vogel and J. -L. Vuilleumier and M. Wagenpfeil and Q. Wang and M. Ward and J. Watkins and M. Weber and W. Wei and L. J. Wen and U. Wichoski and G. Wrede and S. X. Wu and W. H. Wu and Q. Xia and L. Yang and Y. -R. Yen and O. Zeldovich and X. Zhang and J. Zhao and Y. Zhou and T. Ziegler},
      year={2018},
      eprint={1805.11142},
      archivePrefix={arXiv},
      primaryClass={physics.ins-det}
}
